@inproceedings{Shoulson:2013:EPA:2522628.2522629,
 author = {Shoulson, Alexander and Gilbert, Max L. and Kapadia, Mubbasir and Badler, Norman I.},
 title = {An Event-Centric Planning Approach for Dynamic Real-Time Narrative},
 booktitle = {Proceedings of Motion on Games},
 series = {MIG '13},
 year = {2013},
 isbn = {978-1-4503-2546-2},
 location = {Dublin 2, Ireland},
 pages = {99:121--99:130},
 articleno = {99},
 numpages = {10},
 url = {http://doi.acm.org/10.1145/2522628.2522629},
 doi = {10.1145/2522628.2522629},
 acmid = {2522629},
 publisher = {ACM},
 address = {New York, NY, USA},
 keywords = {automated planning, behavior authoring, behavior trees, events, interactive narrative},
} 

@inproceedings{Shoulson:2011:PBT:2177817.2177835,
 author = {Shoulson, Alexander and Garcia, Francisco M. and Jones, Matthew and Mead, Robert and Badler, Norman I.},
 title = {Parameterizing Behavior Trees},
 booktitle = {Proceedings of the 4th International Conference on Motion in Games},
 series = {MIG'11},
 year = {2011},
 isbn = {978-3-642-25089-7},
 location = {Edinburgh, UK},
 pages = {144--155},
 numpages = {12},
 url = {http://dx.doi.org/10.1007/978-3-642-25090-3_13},
 doi = {10.1007/978-3-642-25090-3_13},
 acmid = {2177835},
 publisher = {Springer-Verlag},
 address = {Berlin, Heidelberg},
 keywords = {agents, behavior trees, behavioral AI, smart events},
} 

@inproceedings{2015-fdg-bstl,
 author = {Mubbasir Kapadia and Fabio Zund and Jessica Falk and Marcel Marti and Robert W. Sumner and Markus Gross},
 title = {Evaluating the Authoring Complexity of Interactive Narratives with Interactive Behaviour Trees},
 booktitle = {Foundations of Digital Games},
 series = {FDG'15},
 year = {2015},
 numpages = {9},
} 

@inproceedings{Kapadia:2015:CAI:2699276.2699279,
 author = {Kapadia, Mubbasir and Falk, Jessica and Z\"{u}nd, Fabio and Marti, Marcel and Sumner, Robert W. and Gross, Markus},
 title = {Computer-assisted Authoring of Interactive Narratives},
 booktitle = {Proceedings of the 19th Symposium on Interactive 3D Graphics and Games},
 series = {i3D '15},
 year = {2015},
 isbn = {978-1-4503-3392-4},
 location = {San Francisco, California},
 pages = {85--92},
 numpages = {8},
 url = {http://doi.acm.org/10.1145/2699276.2699279},
 doi = {10.1145/2699276.2699279},
 acmid = {2699279},
 publisher = {ACM},
 address = {New York, NY, USA},
 keywords = {behavior trees, computer-assisted authoring, interactive narrative},
} 


@inproceedings{Kapadia:2011:BAC:1944745.1944779,
 author = {Kapadia, Mubbasir and Singh, Shawn and Reinman, Glenn and Faloutsos, Petros},
 title = {Behavior authoring for crowd simulations},
 booktitle = {Symposium on Interactive 3D Graphics and Games},
 series = {I3D '11},
 year = {2011},
 isbn = {978-1-4503-0565-5},
 location = {San Francisco, California},
 pages = {199--199},
 numpages = {1},
 url = {http://doi.acm.org/10.1145/1944745.1944779},
 doi = {http://doi.acm.org/10.1145/1944745.1944779},
 acmid = {1944779},
 publisher = {ACM},
 address = {New York, NY, USA},
} 

@ARTICLE{behaviorCGA,
author={Kapadia, M. and Singh, S. and Reinman, G. and Faloutsos, P.},
journal={Computer Graphics and Applications, IEEE},
title={A Behavior-Authoring Framework for Multiactor Simulations},
year={2011},
month={nov.-dec. },
volume={31},
number={6},
pages={45 -55},
keywords={Web extra;behavior authoring framework;behavioral animation;conflicting goals;multiactor interactions;multiactor simulation;multiagent planner;virtual world;authoring systems;behavioural sciences computing;computer animation;interactive systems;multi-agent systems;virtual reality;},
doi={10.1109/MCG.2011.68},
ISSN={0272-1716},}


@paper{AIIDE1511583,
	author = {Steven Poulakos and Mubbasir Kapadia and Andrea Schupfer and Fabio Zund and Robert Sumner and Markus Gross},
	title = {Towards an Accessible Interface for Story World Building},
	conference = {AAAI Conference on Artificial Intelligence and Interactive Digital Entertainment},
	year = {2015},
	keywords = {story authoring; story world building; domain knowledge; computational narrative; narrative intelligence},
	url = {http://aaai.org/ocs/index.php/AIIDE/AIIDE15/paper/view/11583}
}

@inproceedings{Kapadia:2016:CCN:2982818.2982846,
 author = {Kapadia, Mubbasir and Frey, Seth and Shoulson, Alexander and Sumner, Robert W. and Gross, Markus},
 title = {CANVAS: Computer-assisted Narrative Animation Synthesis},
 booktitle = {Proceedings of the ACM SIGGRAPH/Eurographics Symposium on Computer Animation},
 series = {SCA '16},
 year = {2016},
 isbn = {978-3-905674-61-3},
 location = {Zurich, Switzerland},
 pages = {199--209},
 numpages = {11},
 url = {http://dl.acm.org/citation.cfm?id=2982818.2982846},
 acmid = {2982846},
 publisher = {Eurographics Association},
 address = {Aire-la-Ville, Switzerland, Switzerland},
} 


