%%%%%%%%%%%%%%%%%%%%%%%%%%%%%%%%%%%%%%%%%%%%%%%%%%%%%%%%%%%%%%%%%%%%%%%%%%%%%%%
%
% File:         bib.bib
% RCS:          $Id: proposal.bib,v 1.2 2010/09/01 00:24:08 cvs-paris Exp $
% Description:  
% Author:       Fabian E. Bustamante
%               AquaLab Research Group
%               EECS
%               Northwestern University
% Created:      Thu Feb 09, 2006 at 09:41:04
% Modified:     Thu Mar 02, 2006 at 12:55:27 fabianb@cs.northwestern.edu
% Language:     BibTeX
% Package:      N/A
% Status:       Experimental 
%
% (C) Copyright 2006, Northwestern University, all rights reserved.
%
%%%%%%%%%%%%%%%%%%%%%%%%%%%%%%%%%%%%%%%%%%%%%%%%%%%%%%%%%%%%%%%%%%%%%%%%%%%%%%%

%********************************************************************************
% Common strings
%********************************************************************************

% Journals

@string{tse = "IEEE Transactions on Software Engineering"}
@string{ton = "IEEE/ACM Transactions on Networking"}
@string{tc = "IEEE Transactions on Computers"}
@string{tpds = "IEEE Transaction on Parallel and Distributed Systems"}
@string{tocs = "ACM Transactions on Computer Systems"}
@string{toplas = "ACM Transactions on Programming Languages and Systems"}
@string{jsac = "IEEE Journal on Selected Areas in Communication"}

% Conferences
@string{sosp = "Proc. of the ACM Symposium on Operating System Principles"}
@string{imw = "Proc. ACM Internet Measurement Workshop"}
@string{imc = "Proc. Internet Measurement Conference"}
@string{wcw = "Workshop on {W}eb Content Caching and Distribution (WCW)"}
@string{osdi = "Proc. of the USENIX Operating Systems Design and Implementation (OSDI)"}
@string{infocom = "Proc. of {IEEE INFOCOM}"}
@string{usenix-atc = "Proc. of the USENIX Annual Technical Conference"}


%********************************************************************************
% Actual bib entries
%********************************************************************************

@MISC{remora,
  title =        "Remora, The {C}olumbian Encyclopedia, {S}ixth Edition, 2005",
  note =         "\url{http://www.encyclopedia.com/html/r1/remora.asp}",
}

@INPROCEEDINGS{res,
   author = {A. Habib and J. Chuang},
   title = {A Measurement-based Analysis of Residential Multihoming},
   booktitle = {IEEE INFOCOM '05, poster session},
   year = 2005,
   month = mar,
   address = {Miami, FL},
}



@ARTICLE{2state-bell,
  author =	 {D. Anick and D. Mitra and M. Sondhi},
  title =	 {Stochastic Theory of a Data-Handling System with
                  Multiple Sources},
  journal =	 {Bell System Technical Journal},
  volume =	 61,
  year =	 1982,
  pages =	 "1871-1894",
}

@MISC{802.11x,
  title =	 "802.1x - Port Based Network Access Control",
  note =	 "http://www.ieee802.org/1/pages/802.1x.html",
  year =	 1998,
}

@INPROCEEDINGS{ADZ00,
  author =	 {M. Aron and P. Druschel and W. Zwaenepoel},
  title =	 {Cluster Reserves: A Mechanism for Resource
                  Management in Cluster-based Network Servers},
  booktitle =	 {Proceedings of ACM SIGMETRICS '00},
  month =	 jun,
  year =	 {2000},
  place =	 {Santa Clara, CA},
}

@MISC{AH98RFC,
  author =	 "S. Kent and R. Atkinson",
  title =	 "{IP} Authentication Header",
  note =	 "{I}nternet {RFC} 2402",
  year =	 1998,
  month =	 nov,
}

@InProceedings{cornell:wayback,
  author =       {B. Cornell and P. Dinda and F. Bustamante},
  title =        {Wayback: A User-level Versioning File System for
                  {L}inux},
  booktitle =    {Proceedings of the 2004 USENIX Annual Technical
                  Conference, FREENIX Track},
  year =         {2004},
  address =      {Boston, MA},
  month =        {July},
  note =         {},
  annote =       {}
}


@ARTICLE{AM99,
  author =	 {A. Adas and A. Mukherjee},
  title =	 { Providing heterogeneous {QoS} bounds for correlated
                  video traffic at a mutiplexor},
  journal =	 { Performance Evaluation Journal},
  volume =	 {38},
  number =	 1,
  month =	 sep,
  year =	 1999,
  pages =	 "45-65",
}

@ARTICLE{AcaNag94,
  author =	 {A. Acampora and M. Naghshineh},
  title =	 {An architecture and methodology for mobile-executed
                  handoff in cellular {ATM} networks},
  journal =	 {IEEE Journal on Selected Areas in Communications},
  volume =	 12,
  number =	 8,
  month =	 Oct,
  year =	 1994,
  pages =	 "1365-1375",
}

@ARTICLE{Adas97,
  author =	 {N. Adas},
  title =	 {Traffic models in broadband networks},
  journal =	 {IEEE Communications},
  volume =	 35,
  number =	 7,
  month =	 jul,
  pages =	 "82-89",
  year =	 1997,
}



@InProceedings{shavitt:netcoord,
  author = 	 {Y. Shavitt and T. Tankel},
  title = 	 {Big-Bang Simulation for Embedding Network Distances in Euclidean Space},
  booktitle = 	 {Proceedings of IEEE INFOCOM '03},
  year = 	 2003,
  address = 	 {San Francisco, CA},
  month = 	 apr,
}


@InProceedings{pias:netcoord,
  author = 	 {M. Pias and J. Crowcroft and S. Wilbur and T. Harris and S. Bhatti},
  title = 	 {Lighthouses for scalable distributed locations},
  booktitle = 	 {Proceedings of IPTPS '03},
  year = 	 2003,
  address = 	 {Berkeley, CA},
  month = 	 feb,
}

@InProceedings{ng:netposition,
  author = 	 {T. Ng and H. Zhang},
  title = 	 {A network positioning system for the {Internet}},
  booktitle = 	 {Proceedings of USENIX '04},
  year = 	 2004,
  address = 	 {Boston, MA},
  month = 	 jun,
}


@InProceedings{ng:netcoord,
  author = 	 {T. Ng and H. Zhang},
  title = 	 {Predicting {Internet} network distace with coordinates-based approaches},
  booktitle = 	 {Proceedings of IEEE INFOCOM '02},
  year = 	 2002,
  address = 	 {New York, NY},
  month = 	 jun,
}



@InProceedings{wong:meridian,
  author = 	 {B. Wong and A. Slivkins and E. Sirer},
  title = 	 {Meridian: A Lightweight network location service without virtual coordinates},
  booktitle = 	 {Proceedings of ACM SIGCOMM '05},
  year = 	 2005,
  address = 	 "Philadelphia, PA",
  month = 	 apr,
}


@InProceedings{sbirrer:feasibility,
  author = 	 {S. Birrer and F. Bustamanate},
  title = 	 {The Feasibility of {DHT-}based Streaming Multicast},
  booktitle = 	 {Proceedings of MASCOTS},
  OPTcrossref =  {},
  OPTkey = 	 {},
  OPTpages = 	 {},
  OPTyear = 	 {2005},
  OPTeditor = 	 {},
  OPTvolume = 	 {},
  OPTnumber = 	 {},
  OPTseries = 	 {},
  OPTaddress = 	 {},
  OPTmonth = 	 {September},
  OPTorganization = {},
  OPTpublisher = {},
  OPTnote = 	 {},
  OPTannote = 	 {}
}

@INPROCEEDINGS{AddZuk93,
  author =	 {R. Addie and M. Zukerman},
  title =	 {A {Gaussian} characterization of correlated {ATM}
                  multiplexed traffic and related queueing studies},
  booktitle =	 {IEEE International Conference on Communications},
  year =	 1993,
  address =	 "Geneva",
  month =	 may,
  pages =	 "1404-1408",
}

@INPROCEEDINGS{AljZna99,
  author =	 {A. Aljadhai and T. Znati},
  title =	 {A Framework for Call Admission Control and {QoS}
                  Support in Wireless Environments},
  booktitle =	 {Proceedings of IEEE INFOCOM '99},
  year =	 1999,
  month =	 mar,
  address =	 {New York, NY},
}

@INPROCEEDINGS{AndZha99,
  author =	 {M. Andrews and L. Zhang},
  title =	 {Minimizing end-to-end delay in high-speed networks
                  with a simple coordinated schedule},
  booktitle =	 {Proceedings of IEEE INFOCOM '99},
  year =	 1999,
  month =	 mar,
  address =	 {New York, NY},
}

@INPROCEEDINGS{AraLeo98,
  author =	 {M. Arad and A. Leon-Garcia},
  title =	 {A generalized processor sharing approach to time
                  scheduling in hybrid {CDMA/TDMA}},
  booktitle =	 {Proceedings of IEEE INFOCOM '98},
  year =	 1998,
  month =	 mar,
  address =	 {San Francisco, CA},
}

@ARTICLE{AuCaHa98,
  author =	 {C. Aurrecoechea and A. Campbell and L. Hauw},
  title =	 {A Survey of {QoS} Architectures},
  journal =	 {ACM Multimedia Systems Journal},
  vol =		 6,
  number =	 3,
  year =	 1998,
  pages =	 "138-151",
  month =	 may
}

@INPROCEEDINGS{BBLO00,
  author =	 "R. Boorstyn and A. Burchard and J. Liebeherr and
                  C. Oottamakorn",
  title =	 {Effective Envelopes: Statistical Bounds on
                  Multiplexed Traffic in Packet Networks},
  booktitle =	 {Proceedings of IEEE INFOCOM '00},
  address =	 "Tel Aviv, Israel",
  month =	 mar,
  year =	 2000,
}

@INPROCEEDINGS{BCP00,
  author =	 {G. Bianchi and A. Capone and C. Petrioli},
  title =	 {Throughput Analysis of End-to-End Measurement-Based
                  Admission Control in {IP}},
  booktitle =	 {Proceedings of IEEE INFOCOM '00},
  address =	 "Tel Aviv, Israel",
  month =	 mar,
  year =	 2000,
}

@INPROCEEDINGS{BJS00,
  author =	 {L. Breslau and S. Jamin and S. Shenker},
  title =	 {Comments on the performance of measurement-based
                  admission control algorithms},
  booktitle =	 {Proceedings of IEEE INFOCOM '00},
  address =	 "Tel Aviv, Israel",
  month =	 mar,
  year =	 2000,
}

@INPROCEEDINGS{BKSSZ00,
  author =	 {L. Breslau and E. Knightly and S. Shenker and
                  I. Stoica and H. Zhang},
  title =	 {Endpoint Admission Control: Architectural Issues and
                  Performance},
  booktitle =	 {Proceedings of ACM SIGCOMM '00},
  year =	 2000,
  month =	 aug,
  address =	 "Stockholm, Sweden",
}

@MISC{BV97,
  AUTHOR =	 "Berson, S. and Vincent, S.",
  TITLE =	 "Aggregation of Internet Integrated Services State",
  note =	 {Internet Draft, draft-berson-classy-approach-01.txt},
  YEAR =	 1997,
}

@INPROCEEDINGS{BaMeCuLi94,
  author =	 {Baiocchi, A. and Blefari-Melazzi, N. and Cuomo,
                  F. and Listanti, M.},
  title =	 {Worst deterministic pattern allocation: a viable
                  approach to attain statistical gain in {ATM}},
  booktitle =	 {{IEEE ICC} '94},
  year =	 1994,
  address =	 "New Orleans, LA",
  month =	 may,
  pages =	 "106-110",
}

@INPROCEEDINGS{BaPaSeKa96,
  author =	 {H. Balakrishnan and V. Padmanabhan and S. Seshan and
                  R. Katz},
  title =	 {A Comparison of Mechanisms for Improving {TCP}
                  Performance over Wireless Links},
  booktitle =	 {Proceedings of {ACM} {SIGCOMM}'96},
  year =	 1996,
  month =	 aug,
  address =	 "Stanford, CA",
}

@INPROCEEDINGS{BenZha96,
  author =	 {J. Bennett and H. Zhang},
  title =	 {{WF$^2$Q: Worst-case Fair Weighted Fair Queueing}},
  booktitle =	 {Proceedings of IEEE INFOCOM '96},
  year =	 1996,
  month =	 mar,
  address =	 {San Francisco, CA},
}

@ARTICLE{BenZha97,
  author =	 {J. Bennett and H. Zhang},
  title =	 {Hierarchical Packet Fair Queueing Algorithms},
  journal =	 {IEEE/ACM Transactions on Networking},
  volume =	 5,
  number =	 5,
  year =	 1997,
  month =	 oct,
  pages =	 "675-689",
}

@BOOK{BerGal92,
  author =	 {D. Bertsekas and R. Gallager},
  title =	 {Data Networks},
  publisher =	 {Prentice Hall},
  year =	 1992,
}

@ARTICLE{BerWhi94,
  author =	 {A. Berger and W. Whitt},
  title =	 {The pros and cons of a job buffer in a token-bank
                  rate-control throttle},
  journal =	 {IEEE Transactions on Communications},
  volume =	 42,
  number =	 "2/3/4",
  pages =	 "857-861",
  month =	 feb,
  year =	 1994,
}

@ARTICLE{BhaFri99,
  author =	 { N. Bhatti and R. Friedrich},
  title =	 {Web server support for tiered services},
  Journal =	 {IEEE Network},
  volume =	 13,
  number =	 5,
  pages =	 "64-71",
  year =	 1999,
  month =	 Sep,
}

@INPROCEEDINGS{BiCaLi98,
  author =	 "G. Bianchi and A. Campbell and R. Liao",
  title =	 {Supporting Utility Fair Adaptive Services in
                  Wireless Networks},
  booktitle =	 {IEEE/IFIP IWQoS '98},
  address =	 "Napa, CA",
  month =	 may,
  year =	 1998,
}

Felder, R. M. and Silverman, L. K., "Learning and Teaching Styles in Engineering Education," Engineering Education, Vol. 78, No. 7, (1988), 674--681.
@inproceedings{BoTuWa94,
  author =	 {J.-C Bolot and T. Turletti and I. Wakeman},
  title =	 {Scalable Feedback Control for Multicast Video
                  Distribution in the {I}nternet},
  booktitle =	 {Proceedings of {ACM} SIGCOMM'94},
  year =	 1994,
  address =	 {University College London, London, U.K.},
  pages =	 "58-67",
  month =	 sep,
}

@INPROCEEDINGS{BolTur94,
  author =	 {J. Bolot and T. Turletti},
  title =	 {A Rate Control Mechanism for Packet Video in the
                  {Internet}},
  booktitle =	 {Proceedings of IEEE {INFOCOM}'94},
  year =	 1994,
  month =	 jun,
  pages =	 "1216-1223",
  address =	 {Toronto, Ontario},
}

@ARTICLE{BotDuf95,
  author =	 {D. Botvich and N. Duffield},
  title =	 {Large deviations, the shape of the loss curve, and
                  economies of scale in large multiplexers},
  journal =	 {Queueing Systems, Theory and Applications},
  year =	 1995,
  volume =	 20,
  number =	 "3-4",
  pages =	 "293-320",
}

@INPROCEEDINGS{BrJaSh99,
  author =	 "L. Breslau and S. Jamin and S. Shenker",
  title =	 {Measurement-Based Admission Control: What is the
                  Research Agenda?},
  booktitle =	 {IEEE/IFIP IWQoS '99},
  address =	 "London, UK",
  month =	 may,
  year =	 1999,
}

@ARTICLE{CCYC97,
  author =	 {C. Chang and K. Chen and M. You and J. Chang},
  title =	 {Guaranteed quality-of-service wireless access to
                  {ATM} networks},
  journal =	 {IEEE Journal on Selected Areas in Communications},
  volume =	 15,
  number =	 1,
  month =	 Jan,
  year =	 1997,
  pages =	 "106-118",
}

@INPROCEEDINGS{CHOKe,
  author =	 "R. Pain and B. Prabhakar and K. Psounis",
  title =	 {{CHOK}e, A Stateless Active Queue Management Scheme
                  for Approximating Fair Bandwidth Allocation},
  booktitle =	 {Proceedings of IEEE INFOCOM '00},
  address =	 "Tel Aviv, Israel",
  month =	 mar,
  year =	 2000,
}

@ARTICLE{CKK01,
  author =	 "C. Cetinkaya and V. Kanodia and E. Knightly",
  title =	 {Scalable Services via Egress Admission Control},
  journal =	 {{IEEE/ACM} Transactions on Multimedia: Special Issue
                  on Multimedia over IP},
  volume =	 3,
  number =	 1,
  year =	 2001,
  month =	 mar,
}

@ARTICLE{CKRW95,
  AUTHOR =	 "Courcoubetis, C. and Kesidis, G. and Ridder, A. and
                  Walrand, J.",
  TITLE =	 "Admission Control and Routing in {ATM} Networks
                  using Inferences from Measured Buffer Occupany",
  JOURNAL =	 {IEEE Transactions on Communications},
  VOLUME =	 43,
  NUMBER =	 2,
  PAGES =	 "1778-1784",
  YEAR =	 1995,
}




@InProceedings{lim:netcoord,
  author =       {H. Lim and J. Hou and C. Choi},
  title =        {Constructing {Internet} Coordinate System Based on Delay Measurement},
  booktitle =    {Proceedings of Internet Measurement Conference (IMC)},
  year =         2003,
  address =      "Miami, Florida",
  month =         oct,
}



@InProceedings{tang:landmarks,
  author =       {L. Tang and M. Crovella},
  title =        {Virtual landmarks for the {Internet}},
  booktitle =    {Proceedings of Internet Measurement Conference (IMC)},
  year =         2003,
  address =      "Miami, Florida",
  month =         oct,
}



@InProceedings{CSKJ00,
  author =	 "C. Chuah and L. Subramanian and R. Katz and
                  A. Joseph",
  title =	 "{QoS} provisioning using a clearing house
                  architecture",
  booktitle =	 "Proceedings of IWQoS '00",
  address =	 "Pittsburgh, PA",
  year =	 "2000",
  month =	 jun,
}

@INPROCEEDINGS{CSZ92,
  author =	 {D. Clark and S. Shenker and L. Zhang},
  title =	 "Supporting Real-Time Applications in an Integrated
                  Services Packet Network: Architecture and Mechanism",
  booktitle =	 {Proceedings of {ACM} {SIGCOMM '92}},
  address =	 {Baltimore, Maryland},
  pages =	 "14-26",
  month =	 aug,
  year =	 1992,
}

@INPROCEEDINGS{CWZ00,
  author =	 "Z. Cao and Z. Wang and E. Zegura",
  title =	 {Rainbow Fair Queueing: Fair Bandwidth Sharing
                  without Per-Flow State},
  booktitle =	 {Proceedings of IEEE INFOCOM '00},
  address =	 "Tel Aviv, Israel",
  month =	 mar,
  year =	 2000,
}

@INPROCEEDINGS{CaKuTo96,
  author =	 {G. Casetti and J. Kurose and D. Towsley},
  title =	 {A new algorithm for measurement-based admission
                  control in integrated services packet networks},
  booktitle =	 {Proceedings of the Fifth International Workshop on
                  Protocols for High-Speed Networks},
  year =	 1996,
  month =	 oct,
  address =	 {Antipolis, France},
  pages =	 "13-28",
}

@Book{Cast88,
  author =	 {E. Castillo},
  title =	 {Extreme Value Theory in Engineering},
  publisher =	 {Academic Press},
  year =	 {1988},
}

@INPROCEEDINGS{CetKni00,
  author =	 {C. Cetinkaya and E. Knightly},
  title =	 {Scalable Services via Egress Admission Control},
  booktitle =	 {Proceedings of IEEE INFOCOM '00},
  address =	 "Tel Aviv, Israel",
  month =	 mar,
  year =	 2000,
}

@ARTICLE{ChLiGh95,
  author =	 {S. Chong and S. Li and J. Ghosh},
  title =	 {Predictive dynamic bandwidth allocation for
                  efficient transport of real-time {VBR} video over
                  {ATM}},
  journal =	 {IEEE Journal on Selected Areas in Communications},
  volume =	 13,
  number =	 1,
  month =	 Jan,
  year =	 1995,
  pages =	 "12-23",
}

@ARTICLE{ChLuWh96,
  author =	 {G. Choudhury and D. Lucantoni and W. Whitt},
  title =	 {Squeezing the most out of {ATM}},
  journal =	 {IEEE Transactions on Communications},
  volume =	 44,
  number =	 "2",
  pages =	 "203-217",
  month =	 feb,
  year =	 1996,
}

@ARTICLE(ChaChe97,
  author =	 "C. Chao and W. Chen",
  title =	 "Connection Admission Control for Mobile
                  Multiple-Class Personal Communications Networks",
  journal =	 "IEEE Journal on Selected Areas in Communications",
  pages =	 "1618-1626",
  volume =	 15,
  number =	 8,
  year =	 1997,
)

@INPROCEEDINGS{Chang92,
  author =	 {C. Chang},
  title =	 {Stability, queue length and delay part {I}:
                  Deterministic queueing networks},
  booktitle =	 {Proceedings of IEEE Conference on Decision and
                  Control},
  year =	 1992,
  month =	 dec,
  pages =	 "999-1004",
  address =	 {Tucson, AZ},
}

@ARTICLE{Chang94,
  author =	 {C. Chang},
  title =	 {Stability, Queue Length, and Delay of Deterministic
                  and Stochastic Queueing Networks},
  journal =	 {IEEE Transactions on Automatic Control},
  volume =	 39,
  number =	 5,
  pages =	 {913-931},
  month =	 may,
  year =	 1994,
}

@ARTICLE{Chang95,
  author =	 {C. Chang},
  title =	 {Sample path large deviations and intree networks},
  journal =	 {Queueing Systems, Theory and Applications},
  volume =	 20,
  number =	 "1-2",
  year =	 1995,
  pages =	 "7-36",
}

@INPROCEEDINGS{Chang97,
  author =	 {C. Chang},
  title =	 {A filtering theory for deterministic traffic
                  regulation},
  booktitle =	 {Proceedings of IEEE INFOCOM '97},
  year =	 1997,
  month =	 apr,
  address =	 {Kobe, Japan},
  pages =	 "436-443",
}

@inproceedings{ cao:pmdb,
  author =	 "J. Cao and W. Cleveland and Y. Gao and K. Jeffay and
                  F. Smith and M. Weigle ",
  title =	 "Stochastic Models for Generating Synthetic {HTTP}
                  Source Traffic ",
  booktitle =	 {Proceedings of IEEE INFOCOM '04},
  year =	 2004,
  month =	 mar,
  address =	 {Hong Kong, China},
}

@INPROCEEDINGS{Chen94,
  author =	 {Z. Chen},
  title =	 {The Characteristic of {RTS} parameters for circuit
                  emulation application over {ATM} networks},
  booktitle =	 {Proceedings of IEEE {GLOBECOM'94}},
  year =	 1994,
  month =	 nov,
  address =	 {San Francisco, CA},
  pages =	 "1822-1826",
}


@INPROCEEDINGS{ChoShi97,
  author =	 {S. Choi and K. Shin},
  title =	 {A cellular wireless local area network with {QoS}
                  guarantees for heterogeneous traffic},
  booktitle =	 {Proceedings of IEEE INFOCOM '97},
  year =	 1997,
  month =	 apr,
  address =	 {Kobe, Japan},
  pages =	 "1030-1037",
}

@INPROCEEDINGS{ChoShr97,
  author =	 "J. Choe and N. Shroff",
  title =	 {A New Method to determine the Queue Length
                  Distribution at an {ATM} multiplexer},
  booktitle =	 {Proceedings of IEEE INFOCOM '97},
  address =	 "Kobe, Japan",
  month =	 apr,
  year =	 1997,
}



@InProceedings{krishna:e2e-web,
  author = 	 {B. Krishnamurthy and C. Wills},
  title = 	 {Analyzing factors that influence end-to-end web performance},
  booktitle = 	 wcw,
  year = 	 {2000},
  address = 	 {Amsterdam, Netherlands},
  month = 	 {April},
  OPTorganization = {},
  OPTpublisher = {},
  OPTnote = 	 {},
  OPTannote = 	 {}
}

@ARTICLE{ChoShr98a,
  author =	 {J. Choe and N. Shroff},
  title =	 {A Central Limit Theorem Based Approach to Analyze
                  Queue Behavior in {ATM} Networks},
  journal =	 {{IEEE/ACM} Transactions on Networking},
  volume =	 6,
  number =	 5,
  pages =	 {659-671},
  month =	 oct,
  year =	 1998,
}

@INPROCEEDINGS{ChoShr99,
  author =	 {J. Choe and N. Shroff},
  title =	 { Queueing Analysis of High-Speed Multiplexers
                  including Long-Range Dependent Arrival Processes},
  booktitle =	 {Proceedings of IEEE INFOCOM '99},
  year =	 1999,
  month =	 mar,
  address =	 {New York, NY},
}

@ARTICLE{CiGuKeKh95,
  author =	 {I. Cidon and R. Gu\'erin and I. Kessler and
                  A. Khamisy},
  title =	 {Analysis of a statistical multiplexer with
                  generalized periodic sources},
  journal =	 {Queueing Systems, Theory and Applications},
  year =	 1995,
  volume =	 20,
  number =	 "1-2",
  pages =	 "139-169",
}

@INPROCEEDINGS{CoFoWe94,
  author =	 {C. Courcoubetis and G. Fouskas and R. Weber},
  title =	 {On the performance of an effective bandwidths
                  formula},
  booktitle =	 {Proceedings of 14th International Teletraffic
                  Congress},
  year =	 1994,
  month =	 jun,
  pages =	 "201-212",
}

@INPROCEEDINGS{CoSiSt98,
  author =	 {C. Courcoubetis and V. Siris and G. Stamoulis},
  title =	 {Application and Evaluation of Large Deviation
                  Techniques for Traffic Engineering in Broadband
                  Networks},
  booktitle =	 {Proceedings of {ACM} {SIGMETRICS} '98},
  address =	 "Madison, WI",
  year =	 1998,
  month =	 jun,
}

@ARTICLE{CouWeb95,
  author =	 "C. Courcoubetis and R. Weber",
  title =	 "Effective Bandwidths for Stationary Sources",
  journal =	 {Probability in Engineering and Informational
                  Sciences},
  volume =	 9,
  number =	 2,
  year =	 1995,
  pages =	 "285-294",
}

@ARTICLE{CouWeb96,
  author =	 "C. Courcoubetis and R. Weber",
  title =	 {Buffer overflow asymptotics for a switch handling
                  many traffic sources},
  journal =	 {Journal of Applied Probability},
  volume =	 33,
  year =	 1996,
}

@BOOK{Cramer37,
  author =	 {H. Cram\'{e}r},
  title =	 {Random Variables and Probability Distributions},
  publisher =	 {Cambridge University Press},
  year =	 1937,
}

@INPROCEEDINGS{Crosby97,
  author =	 {S. Crosby and others},
  title =	 {Statistical Properties of a Near-Optimal
                  Measurement-Based {CAC} Algorithm },
  booktitle =	 {Proceedings of IEEE ATM '97 Workshop},
  month =	 june,
  year =	 1997,
  address =	 {Lisboa, Portugal},
}

@ARTICLE{Cruz91,
  author =	 {R. Cruz},
  title =	 {A Calculus for Network Delay, Parts {I} and {II}},
  journal =	 {IEEE Transactions on Information Theory},
  volume =	 37,
  number =	 1,
  pages =	 "114-141",
  month =	 jan,
  year =	 1991,
}

@ARTICLE{Cruz91a,
  author =	 {R. Cruz},
  title =	 {A Calculus for Network Delay, Part {I} : Network
                  Elements in Isolation},
  journal =	 {IEEE Transactions on Information Theory},
  volume =	 37,
  number =	 1,
  pages =	 "114-121",
  month =	 jan,
  year =	 1991,
}

@ARTICLE{Cruz91b,
  author =	 {R. Cruz},
  title =	 {A Calculus for Network Delay, Part {II} : Network
                  Analysis},
  journal =	 {IEEE Transactions on Information Theory},
  volume =	 37,
  number =	 1,
  pages =	 "121-141",
  month =	 jan,
  year =	 1991,
}

@ARTICLE{Cruz92,
  author =	 {R. Cruz},
  title =	 {Service Burstiness and Dynamic Burstiness Measures:
                  A Framework},
  year =	 1992,
  volume =	 1,
  number =	 2,
  journal =	 "Journal of High Speed Networks",
  pages =	 "105-127",
}

@ARTICLE{Cruz95,
  author =	 {R. Cruz},
  title =	 {Quality of service guarantees in virtual circuit
                  switched networks},
  journal =	 {IEEE Journal on Selected Areas in Communications},
  volume =	 13,
  number =	 6,
  month =	 aug,
  year =	 1995,
  pages =	 "1048-1056",
}

@MISC{Cruz96,
  author =	 {R. Cruz},
  title =	 {{SCED}: A Simple and Efficient Scheduling Policy for
                  Performance Guarantees in {ATM} Networks},
  year =	 1996,
  note =	 "Preprint",
}

@INPROCEEDINGS{Cruz98,
  author =	 {R. Cruz},
  title =	 {{SCED+}: efficient management of quality of service
                  guarantees},
  booktitle =	 {Proceedings of IEEE INFOCOM '98},
  year =	 1998,
  month =	 mar,
  address =	 {San Francisco, CA},
}

@INPROCEEDINGS{DECbit,
  author =	 {K. Ramakrishnan and D. Chiu and R. Jain},
  title =	 {Congestion Avoidance in Computer Networks with a
                  Connectionless Network Layer},
  booktitle =	 {Proceedings of {ACM} {SIGCOMM'88}},
  month =	 aug,
  year =	 1988,
  pages =	 "303-313",
  address =	 {Stanford, CA},
}

@ARTICLE{DKK90,
  author =	 {F.R. Dix and M. Kelly and R.W. Klessig},
  title =	 {Access to a Public Switched Multi-Megabit Data
                  Service Offering},
  journal =	 {Computer Comm. Review},
  volume =	 20,
  number =	 3,
  month =	 jul,
  year =	 1990,
  pages =	 "46-61",
}

@INPROCEEDINGS{DeKeSh90,
  author =	 {Alan Demers and Srinivasan Keshav and Scott Shenker},
  title =	 {Analysis and Simulation of a Fair Queueing
                  Algorithm},
  booktitle =	 {Journal of Internetworking Research and Experience},
  year =	 1990,
  month =	 sep,
  volume =	 1,
  number =	 1,
  pages =	 "3-26",
}

@BOOK{Dembo,
  author =	 {A. Dembo and O. Zeitouni},
  title =	 {Large Deviations Techniques and Applications},
  publisher =	 {Jones and Bartlett},
  year =	 1993,
}

@Article{DovRam99,
  author =	 {C. Dovrolis and P. Ramanathan},
  title =	 {A case for relative differentiated services and the
                  proportional differentiation model},
  journal =	 "IEEE Network",
  volume =	 "13",
  number =	 "5",
  month =	 sep,
  year =	 "1999",
  pages =	 "26-35",
}

@ARTICLE{DufOco95,
  author =	 {N. Duffield and N. O'Connell},
  title =	 {Large deviations and overflow probabilities for the
                  general single server queue, with applications},
  journal =	 {Mathematical Proceedings of the Cambridge
                  Philosophical Society},
  year =	 1995,
  volume =	 118,
  pages =	 "363-374",
}

@ARTICLE{Duff95,
  author =	 {N. Duffield and J. Lewis and N. O'Connell and
                  R. Russell and F. Toomey},
  title =	 {Entropy of {ATM} Traffic Streams: A Tool for
                  Estimating {QoS} Parameters},
  journal =	 {IEEE Journal on Selected Areas in Communications},
  year =	 1995,
  month =	 aug,
  volume =	 13,
  number =	 6,
  pages =	 "981-990",
}

@INPROCEEDINGS{Duff99,
  author =	 {N. Duffield and P. Goyal and A. Greenberg and
                  P. Mishra and K. K. Ramakrishnan and J. Van der
                  Merwe},
  title =	 {A flexible model for resource management in virtual
                  private networks},
  booktitle =	 {Proceedings of {ACM} {SIGCOMM} '99},
  year =	 1999,
  month =	 aug,
  address =	 {Cambridge, MA},
}

@ARTICLE{DzJuMa97,
  author =	 {Z. Dziong and M. Juda and L. Mason},
  title =	 {A framework for bandwidth management in {ATM}
                  networks -- aggregate equivalent bandwidth
                  estimation approach},
  journal =	 {IEEE/ACM Transactions on Networking},
  volume =	 5,
  number =	 1,
  month =	 feb,
  year =	 1997,
  pages =	 "134-147",
}

@INPROCEEDINGS{EKR00,
  author =	 {V. Elek and G. Karlsson and R. Ronngren},
  title =	 {Admission control based on end-to-end measurements},
  booktitle =	 {Proceedings of IEEE INFOCOM '00},
  address =	 "Tel Aviv, Israel",
  month =	 mar,
  year =	 2000,
}

@InProceedings{ERUF,
  author =	 "A. Rangarajan and A. Acharya",
  title =	 "{ERUF}: Early Regulation of Unresponsive Best-effort
                  Traffic",
  booktitle =	 "Proceedings of IEEE ICNP '99",
  address =	 "Toronto, CA",
  year =	 "1999",
  month =	 oct,
}

@MISC{ESP98RFC,
  author =	 "S. Kent and R. Atkinson",
  title =	 "{IP} Encapsulation Seciruty Payload ({ESP})",
  note =	 "{I}nternet {RFC} 2406",
  year =	 1998,
  month =	 nov,
}

@ARTICLE{ElMiWe95,
  author =	 {A. Elwalid and D. Mitra and R. Wentworth},
  title =	 {A new approach for allocating buffers and bandwidth
                  to heterogeneous, regulated traffic in an {ATM}
                  node},
  journal =	 {IEEE Journal on Selected Areas in Communications},
  volume =	 13,
  number =	 6,
  month =	 Aug,
  year =	 1995,
  pages =	 "1115-1127",
}

@ARTICLE{ElwMit93,
  author =	 {A. Elwalid and D. Mitra},
  title =	 {Effective bandwidth of general {Markovian} traffic
                  sources and admission control of high speed
                  networks},
  journal =	 {{IEEE/ACM} Transactions on Networking},
  volume =	 1,
  number =	 3,
  month =	 Jun,
  year =	 1993,
  pages =	 "329-43",
}

@INPROCEEDINGS{ElwMit97,
  author =	 "A. Elwalid and D. Mitra",
  title =	 {Traffic shaping at a network node: theory, optimum
                  design, admission control},
  booktitle =	 {Proceedings of IEEE INFOCOM '97},
  address =	 "Kobe, Japan",
  month =	 apr,
  year =	 1997,
}

@ARTICLE{Elwalid95,
  author =	 {A. Elwalid and D. Heyman and T. Lakshman and
                  D. Mitra and A. Weiss},
  title =	 {Fundamental bounds and approximations for {ATM}
                  multiplexers with applications to video
                  teleconferencing},
  journal =	 {IEEE Journal on Selected Areas in Communications},
  volume =	 13,
  number =	 6,
  month =	 Aug,
  year =	 1995,
  pages =	 "1004-1016",
}

@ARTICLE{EpsSch00,
  author =	 "B. Epstein and M. Schwartz",
  title =	 "Predictive {QoS}-based admission control for
                  multiclass traffic in cellular wireless networks",
  journal =	 "IEEE Journal on Selected Areas in Communications",
  pages =	 "523-534",
  volume =	 18,
  number =	 3,
  month =	 mar,
  year =	 2000,
}

@ARTICLE{ErNaWi96,
  author =	 {A. Erramilli and O. Narayan and W. Willinger},
  title =	 {Experimental Queueing Analysis with Long-Range
                  Dependent Packet Traffic},
  journal =	 {{IEEE/ACM} Transactions on Networking},
  volume =	 4,
  number =	 2,
  month =	 Apr,
  year =	 1996,
  pages =	 "209-223",
}

@MISC{Ericsson,
  author =	 {L. Westberg and Z. Turanyi},
  title =	 "Load Control of Real-Time Traffic: A 2-big Resource
                  Allocation Scheme",
  note =	 "{I}nternet Draft, draft-westberg-loadcntr-02.txt",
  year =	 1999,
}

@inproceedings{ EstVar02,
  author =	 "C. Estan and G. Varghese",
  title =	 "New Directions in Traffic Measurement and
                  Accounting",
  booktitle =	 "Proceedings of ACM SIGCOMM '02",
  year =	 "2002",
  month =	 "Aug.",
  address =	 "Pittsburgh, PA"
}

@ARTICLE{FF99,
  author =	 {S. Floyd and K. Fall},
  title =	 {Promoting the use of end-to-end congestion control
                  in the {Internet}},
  journal =	 {{IEEE/ACM} Transactions on Networking},
  volume =	 7,
  number =	 4,
  year =	 1999,
  month =	 aug,
  pages =	 "458-472",
}

@INPROCEEDINGS{FRED,
  author =	 {D. Lin and R. Morris},
  title =	 {Dynamics of {R}andom {E}arly {D}etection},
  booktitle =	 {Proceedings of ACM SIGCOMM '97},
  year =	 1997,
  month =	 sep,
  address =	 "Cannes, France",
}

@ARTICLE{FV-JSAC,
  author =	 {D. Ferrari and D. Verma},
  title =	 {A Scheme for Real-Time Channel Establishment in
                  Wide-Area Networks},
  journal =	 {IEEE Journal on Selected Areas in Communications},
  volume =	 8,
  number =	 3,
  month =	 Apr,
  year =	 1990,
  pages =	 "368-379",
}

@ARTICLE{FanMar96,
  author =	 {Z. Fan and P. Mars},
  title =	 {Accurate approximation of cell loss probability for
                  self-similar traffic in {ATM} networks},
  journal =	 {Electronics Letters},
  volume =	 32,
  number =	 19,
  year =	 1996,
  month =	 sep,
  pages =	 "1749-1751",
}

@ARTICLE{FeBaZh92,
  author =	 {D. Ferrari and A. Banerjea and H. Zhang},
  title =	 {Network Support For Multimedia: a discussion of the
                  {Tenet} Approach},
  journal =	 {Computer Networks and {ISDN} Systems},
  volume =	 26,
  number =	 10,
  month =	 Jul,
  year =	 1994,
  pages =	 "1267-80",
}

@INPROCEEDINGS{FenRex97,
  author =	 {W. Feng and J. Rexford},
  title =	 {A comparison of bandwidth smoothing techniques for
                  the transmission of prerecorded compressed video},
  booktitle =	 {Proceedings of IEEE INFOCOM '97},
  year =	 1997,
  month =	 apr,
  address =	 {Kobe, Japan},
}

@Article{castro:scribe,
  author =	 {M. Castro and P. Druschel and A.
                  Kermarrec and A. Rowstron},
  title =	 {Scribe: A large-scale and decentralized
                  application-level multicast infrastructure},
  journal =	 jsac,
  year =	 {2002},
  note =	 {To Appear},
  annote =	 {}
}

@InProceedings{rowstron:pastry,
  author =	 {A. Rowstron and P. Drushel},
  title =	 {Pastry: Scalable, distributed object location and
                  routing for large-scale peer-to-peer systems},
  booktitle =	 {IFIP/ACM Middleware},
  year =	 {2001},
  month =	 {November},
  note =	 {},
  annote =	 {}
}

@InProceedings{stoica:chord,
  author =	 {I. Stoica and R. Morris and D. Karger and
                  F. Kaashoek and H. Balakrishnan},
  title =	 {Chord: A Scalable Peer-to-Peer Lookup Service for
                  Internet Applications},
  booktitle =	 {proceedings of ACM SIGCOMM '01},
  year =	 2001,
  address =	 {San Diego, CA},
  month =	 aug,
}

@TechReport{zhao:tapestry,
  author =	 {B. Zhao and J. Kubiatowicz and A. Joseph},
  title =	 {Tapestry: An Infrastructure for Fault-Tolerant
                  Wide-Area Location and Routing},
  institution =	 {Computer Science Division, University of California},
  year =	 {2001},
  type =	 {Technical Report},
  number =	 {UCV/CSD-01-1141},
  address =	 {Berkeley, CA},
  month =	 {April},
  note =	 {},
  annote =	 {}
}

@ARTICLE{FenWhi89,
  author =	 {K. Fendik and W. Whitt},
  title =	 {Measurements and Approximations to Describe the
                  Offered Traffic and Predict the Average Workload of
                  a Single-Server Queue},
  journal =	 {Proceedings of the IEEE},
  volume =	 77,
  number =	 1,
  pages =	 "171-194",
  month =	 jan,
  year =	 1989,
}

@ARTICLE{Ferr92,
  author =	 {D. Ferrari},
  title =	 {Design and Applications of a Delay Jitter Control
                  Scheme for Packet-Switching Internetworks},
  journal =	 {Computer Communications},
  volume =	 15,
  number =	 6,
  month =	 jul,
  year =	 1992,
  pages =	 "367-373",
}

@ARTICLE{Ferrari90,
  author =	 {D. Ferrari},
  title =	 {Client Requirements for Real-Time Communication
                  Services},
  journal =	 {IEEE Communications},
  volume =	 28,
  number =	 11,
  month =	 nov,
  pages =	 "65-72",
  year =	 1990,
}

@ARTICLE{FloJac95,
  author =	 {S. Floyd and V. Jacobson},
  title =	 {Link-sharing and resource management models for
                  packet network},
  journal =	 {{IEEE/ACM} Transactions on Networking},
  volume =	 3,
  number =	 4,
  year =	 1995,
  month =	 aug,
  pages =	 "365-386",
}

@MISC{Floyd96,
  author =	 {S. Floyd},
  title =	 {Comments on Measurement-based Admissions Control for
                  Controlled-Load Services},
  note =	 "Lawrence Berkeley Laboratory Technical Report",
  month =	 jul,
  year =	 1996,
}

@InProceedings{FuKn01,
  author =	 "H. Fu and E. Knightly",
  title =	 "Aggregation and Scalable QoS: A Performance Study",
  booktitle =	 "Proceedings of IWQoS '01",
  address =	 "Karlsruhe, Germany",
  year =	 "2001",
  month =	 jun,
}

@INPROCEEDINGS{GeGuPeRa96,
  author =	 {L. Georgiadis and R. Gu\'erin and V. Peris and
                  R. Rajan},
  title =	 {Efficient Support of Delay and Rate Guarantees in an
                  Internet},
  booktitle =	 {Proceedings of {ACM} {SIGCOMM}'96},
  year =	 1996,
  month =	 aug,
  address =	 "Stanford, CA",
}

@ARTICLE{GeGuPeSi96,
  author =	 "L. Georgiadis and R. Gu\'erin and V. Peris and
                  K. Sivarajan",
  title =	 "Efficient Network {QoS} Provisioning Based on per
                  Node Traffic Shaping",
  journal =	 {IEEE/ACM Transactions on Networking},
  volume =	 4,
  number =	 4,
  year =	 1996,
  month =	 aug,
  pages =	 "482-501",
}

@ARTICLE{GiKeKe95,
  author =	 {R. Gibbens and F. Kelly and P. Key},
  title =	 {A decision-theoretic approach to call admission
                  control in {ATM} networks},
  journal =	 {IEEE Journal on Selected Areas in Communications},
  volume =	 13,
  number =	 6,
  month =	 Aug,
  year =	 1995,
  pages =	 "1101-1114",
}

@INPROCEEDINGS{GibKel97,
  author =	 {R. Gibbens and F. Kelly},
  title =	 {Measurement-Based Connection Admission Control},
  booktitle =	 {Proceedings of 15th International Teletraffic
                  Congress},
  address =	 {Elsevier, Amsterdam},
  year =	 1997,
  pages =	 "781-790",
}

@INPROCEEDINGS{GibKel99,
  author =	 {R. Gibbens and F. Kelly},
  title =	 {Distributed connection acceptance control for a
                  connectionless network},
  booktitle =	 {Proceedings of ITC '99},
  year =	 1999,
  month =	 jun,
  address =	 {Edinburgh, UK},
}

@INPROCEEDINGS{GoCaMo98,
  author =	 {J. Gomez and A. Campbell and H. Morikawa},
  title =	 {A systems approach to prediction, compensation, and
                  adaptation in wireless networks},
  booktitle =	 {Proceedings of First ACM International Workshop on
                  Wireless Mobile Multimedia},
  year =	 1998,
  month =	 oct,
  address =	 {Dallas, TX},
}

@INPROCEEDINGS{GoLaVi95,
  author =	 {P. Goyal and S. Lam and H. Vin},
  title =	 {Determining end-to-end delay bounds for
                  heterogeneous networks},
  booktitle =	 {Proceedings of IEEE Workshop on Network and
                  Operating System Support for Digital Audio and Video
                  ({NOSSDAV}'95)},
  year =	 1995,
  month =	 apr,
  address =	 {Durham, NH},
  pages =	 "287-298",
}

@INPROCEEDINGS{Gole90,
  author =	 {S. Golestani},
  title =	 {A Stop-and-Go Queueing Framework for Congestion
                  Management},
  booktitle =	 {Proceedings of {ACM} {SIGCOMM} '90},
  month =	 sep,
  year =	 1990,
  pages =	 "8-18",
  address =	 {Philadelphia, PA},
}

@INPROCEEDINGS{Gole91,
  author =	 {S. Golestani},
  title =	 {Duration-Limited Statistical Multiplexing of
                  Delay-Sensitive Traffic in Packet Networks},
  booktitle =	 {Proceedings of IEEE {INFOCOM}'91},
  month =	 apr,
  year =	 1991,
  address =	 "Bal Harbour, FL",
  pages =	 "323-332",
}

@INPROCEEDINGS{Gole94,
  author =	 {S. Golestani},
  title =	 {A self-clocked fair queueing scheme for broadband
                  applications},
  booktitle =	 {Proceedings of IEEE {INFOCOM}'94},
  year =	 1994,
  month =	 jun,
  address =	 {Toronto, Ontario},
}

@INPROCEEDINGS{Golestani-icc-90,
  author =	 {S. Golestani},
  title =	 {Congestion-Free Communication in Broadband Packet
                  Networks},
  booktitle =	 {IEEE International Conference on Communications,
                  ICC'90},
  year =	 1990,
  pages =	 "308.3.1-308.3.6",
}

@INPROCEEDINGS{Golestani-info-90,
  author =	 {S. Golestani},
  title =	 {Congestion-Free Transmission of Real-Time Traffic in
                  Packet Networks},
  booktitle =	 {Proceedings of IEEE INFOCOM'90},
  month =	 jun,
  year =	 1990,
  organization = {IEEE Computer and Communication Societies},
  address =	 {San Francisco, CA},
  pages =	 "527-542",
}

@ARTICLE{GrCoMa91,
  AUTHOR =	 {Gr\"unenfelder, R. and Cosmas, J. and Manthorpe,
                  S. and Odinma-Okafor, A.},
  TITLE =	 "Characterization of video codecs as autoregressive
                  moving average processes and related queueing system
                  performance",
  journal =	 {IEEE Journal on Selected Areas in Communications},
  YEAR =	 1991,
  MONTH =	 apr,
  PAGES =	 "284--293",
  VOLUME =	 9,
  NUMBER =	 3,
}

@INPROCEEDINGS{GrKeTs95,
  author =	 {M. Grossglauser and S. Keshav and D. Tse},
  title =	 {{RCBR}: A simple and efficient service for multiple
                  time-scale traffic},
  booktitle =	 {{ACM} {SIGCOMM}'95},
  year =	 1995,
  month =	 sep,
  address =	 {Boston, MA},
}

@ARTICLE{GrKeTs97,
  author =	 {M. Grossglauser and S. Keshav and D. Tse},
  title =	 {{RCBR}: A simple and efficient service for multiple
                  time-scale traffic},
  journal =	 {IEEE/ACM Transactions on Networking},
  volume =	 5,
  number =	 6,
  month =	 dec,
  year =	 1997,
  pages =	 "741-755",
}

@ARTICLE{Greenberg,
  author =	 {Albert Greenberg and Neil Madras},
  title =	 {How Fair is Fair Queueing? },
  journal =	 {Proceedings of Performance '90},
  year =	 1990,
}

@INPROCEEDINGS{GroTse97,
  author =	 {M. Grossglauser and D. Tse},
  title =	 {A framework for robust measurement-based admission
                  control},
  booktitle =	 {Proceedings of ACM SIGCOMM '97},
  year =	 1997,
  month =	 sep,
  address =	 "Cannes, France",
  pages =	 "237-248",
}

@ARTICLE{GroTse99,
  author =	 {M. Grossglauser and D. Tse},
  title =	 {A framework for robust measurement-based admission
                  control},
  journal =	 {IEEE/ACM Transactions on Networking},
  volume =	 7,
  number =	 3,
  year =	 1999,
  month =	 jun,
  pages =	 "293-309",
}

@ARTICLE{GuAhNa91,
  author =	 {R. Gu\'erin and H. Ahmadi and M. Naghshineh},
  title =	 {Equivalent Capacity and Its Application to Bandwidth
                  Allocation in High-Speed Networks},
  journal =	 {IEEE Journal on Selected Areas in Communications},
  volume =	 9,
  number =	 7,
  month =	 Sep,
  year =	 1991,
  pages =	 "968-981",
}

@ARTICLE{Guse91,
  author =	 {R. Gusella},
  title =	 {Characterizing the Variability of Arrival Processes
                  with Indices of Dispersion},
  journal =	 {IEEE Journal on Selected Areas in Communications},
  volume =	 9,
  number =	 2,
  month =	 feb,
  year =	 1991,
  pages =	 "203-211",
}

@BOOK{Haykin,
  author =	 {S. Haykin},
  title =	 {Modern Filters},
  publisher =	 {Macmillan Publishing Company},
  year =	 1989,
}

@ARTICLE{HefLuc86,
  author =	 {H. Heffes and D. Lucantoni},
  title =	 {A {Markov} Modulated Characterization of Packetized
                  Voice and Data Traffic and Related Statistical
                  Multiplexer Performance},
  journal =	 {IEEE Journal on Selected Areas in Communications},
  volume =	 4,
  number =	 6,
  pages =	 "856-868",
  month =	 sep,
  year =	 1986,
}

@INPROCEEDINGS{Heyman-vbr-video,
  author =	 {D. Heyman and T. Lakshman},
  title =	 {Source Models for {VBR} Broadcast-Video Traffic},
  booktitle =	 {Proceedings of IEEE {INFOCOM}'94},
  year =	 1994,
  month =	 jun,
  address =	 "Toronto, Ontario",
  pages =	 "664-671",
}

@INPROCEEDINGS{Ho-90,
  author =	 {Kelvin K. Y. Ho},
  title =	 {Comparative Analysis of Virtual-Circuit Routing
                  Control for {ISDN} Frame-Relay Networks},
  booktitle =	 {Proceedings of {IEEE GLOBECOM'90}},
  year =	 1990,
  month =	 Dec,
  address =	 {San Diego, CA},
  pages =	 "800.6.1-800.6.5",
}

@ARTICLE{HsuWal96,
  author =	 {I. Hsu and J. Walrand},
  title =	 {Dynamic Bandwidth Allocation for {ATM} Switches},
  journal =	 {Journal of Applied Probability},
  month =	 sep,
  year =	 1996,
  volume =	 33,
  number =	 3,
  pages =	 "758-771",
}

@INPROCEEDINGS{Hui-90,
  author =	 {Joseph Y. Hui and Thomas Renner},
  title =	 {Queueing Strategies for Multicast Packet Switching},
  booktitle =	 {Proceedings of {IEEE GLOBECOM'90}},
  year =	 1990,
  month =	 Dec,
  address =	 {San Diego, CA},
  pages =	 "801.1.1-801.1.7",
}

@ARTICLE{Hui88,
  author =	 {J. Hui},
  title =	 {Resource allocation for broadband networks},
  journal =	 {IEEE Journal on Selected Areas in Communications},
  year =	 1988,
  month =	 aug,
  volume =	 6,
  number =	 6,
  pages =	 "1598-1608",
}

@INPROCEEDINGS{JSD97,
  author =	 {S. Jamin and S. Shenker and P. Danzig},
  title =	 {Comparison of Measurement-based Admission Control
                  Algorithms for Controlled-Load Service},
  booktitle =	 {Proceedings of IEEE INFOCOM '97},
  year =	 1997,
  month =	 apr,
  address =	 {Kobe, Japan},
}

@INPROCEEDINGS{JSK99,
  author =	 {R. Jain and B. Sadeghi and E. Knightly},
  title =	 {Towards Coarse-Grained Mobile {QoS}},
  booktitle =	 {Proceedings of the 1999 ACM International Workshop
                  on Wireless Mobile Multimedia},
  year =	 1999,
  month =	 aug,
  address =	 {Seattle, WA},
}

@ARTICLE{JaDaShZh97,
  author =	 {S. Jamin and P. Danzig and S. Shenker and L. Zhang},
  title =	 {A measurement-based admission control algorithm for
                  integrated services packet networks},
  journal =	 {IEEE/ACM Transactions on Networking},
  volume =	 5,
  number =	 1,
  month =	 feb,
  year =	 1997,
  pages =	 "56-70",
}

@INPROCEEDINGS{JaiKni99,
  author =	 {R. Jain and E. Knightly},
  title =	 {A Framework for Design and Evaluation of Admission
                  Control Algorithms in Multi-Service Mobile Networks},
  booktitle =	 {Proceedings of IEEE INFOCOM '99},
  year =	 1999,
  month =	 mar,
  address =	 {New York, NY},
}

@INPROCEEDINGS{KKK,
  author =	 {C. Kalmanek and H. Kanakia and S. Keshav},
  title =	 {Rate Controlled Servers for Very High-Speed
                  Networks},
  booktitle =	 {Proceedings of {IEEE GLOBECOM'90}},
  year =	 1990,
  month =	 Dec,
  address =	 {San Diego, CA},
  pages =	 "12-20",
}

@MISC{KKZ99,
  author =	 {F. Kelly and P. Key and S. Zachary},
  title =	 {Distributed Admission Control},
  month =	 oct,
  year =	 1999,
  note =	 {preprint},
}

@INPROCEEDINGS{KMSKF93,
  author =	 {K. Keeton and B. Mah and S. Seshan and R. Katz and
                  D. Ferrari},
  title =	 {Providing Connection-Oriented Network Services to
                  Mobile Hosts},
  booktitle =	 {Proceedings of the USENIX Symposium on Mobile and
                  Location-Independent Computing},
  year =	 1993,
  month =	 aug,
  address =	 {Cambridge, MA},
}

@INPROCEEDINGS{KanKni00,
  author =	 "V. Kanodia and E. Knightly",
  title =	 {Multi-Class Latency-Bounded Web Services},
  booktitle =	 {IEEE/IFIP IWQoS '00},
  address =	 "Pittsburgh, PA",
  month =	 jun,
  year =	 2000,
}

@ARTICLE{KeWaCh93,
  AUTHOR =	 "G. Kesidis and J. Walrand and C. Chang",
  TITLE =	 "Effective Bandwidths for Multiclass {Markov} Fluids
                  and Other {ATM} Sources",
  JOURNAL =	 {{IEEE/ACM} Transactions on Networking},
  VOLUME =	 1,
  NUMBER =	 4,
  MONTH =	 aug,
  YEAR =	 1993,
  PAGES =	 "424-428",
}

@INPROCEEDINGS{Kelly96,
  author =	 {F. Kelly},
  title =	 {Notes on Effective Bandwidths},
  booktitle =	 {Stochastic Networks: Theory and Applications},
  year =	 1996,
  publisher =	 {Oxford University Press},
}

@INPROCEEDINGS{Keshav91,
  author =	 {S. Keshav},
  title =	 "A control-theoretic approach to flow-control",
  booktitle =	 {Proceedings of {ACM} {SIGCOMM}'91},
  month =	 sep,
  pages =	 "3-15",
  address =	 {Zurich, Switzerland},
}

@INPROCEEDINGS{KimKru99,
  author =	 {J. Kim and M. Krunz},
  title =	 {Quality of Service over Wireless {ATM} Links},
  booktitle =	 {Proceedings of IEEE INFOCOM '99},
  year =	 1999,
  month =	 mar,
  address =	 {New York, NY},
}

@BOOK{Kleinrock1976}
@INPROCEEDINGS{KliJam00,
  author =	 {K. Li and S. Jamin},
  title =	 {A Measurement-based admission controlled Web
                  server},
  booktitle =	 {Proceedings of IEEE INFOCOM '00},
  year =	 2000,
  month =	 Mar,
  address =	 {Tel Aviv, Israel}
}

@MISC{KniQiu98,
  author =	 "E. Knightly and J. Qiu",
  title =	 {Measurement-Based Admission Control with Aggregate
                  Traffic Envelope},
  note =	 {In \emph{Proceedings of the 10th IEEE ITWDC '98},
                  Ischia, Italy, September 1998 (invited paper)},
}

@ARTICLE{KniRos97,
  author =	 {E. Knightly and P. Rossaro},
  title =	 {On the effects of smoothing for deterministic {QoS}},
  journal =	 {Distributed Systems Engineering Journal: Special
                  Issue on Quality of Service},
  volume =	 4,
  number =	 1,
  year =	 1997,
  month =	 mar,
  pages =	 "3-15",
}

@ARTICLE{KniShr99,
  author =	 {E. Knightly and N. Shroff},
  title =	 {Admission Control for Statistical {QoS}: Theory and
                  Practice},
  journal =	 {IEEE Network},
  volume =	 13,
  number =	 2,
  month =	 mar,
  year =	 1999,
  pages =	 "20-29",
}

@INPROCEEDINGS{KniZha95,
  author =	 {E. Knightly and H. Zhang},
  title =	 {Traffic Characterization and Switch Utilization
                  using Deterministic Bounding Interval Dependent
                  Traffic Models},
  booktitle =	 {Proceedings of IEEE INFOCOM '95},
  year =	 1995,
  month =	 apr,
  address =	 {Boston, MA},
  pages =	 "1137-1145",
}

@INPROCEEDINGS{KniZha96,
  author =	 "E. Knightly and H. Zhang",
  title =	 {Connection Admission Control for {RED-VBR}, a
                  Renegotiation-Based Service},
  booktitle =	 {IFIP International Workshop on Quality of Service},
  address =	 "Paris, France",
  month =	 mar,
  year =	 1996,
  pages =	 "101-114",
}

@ARTICLE{KniZha97,
  author =	 {E. Knightly and H. Zhang},
  title =	 {{D-BIND}: An Accurate Traffic Model for Providing
                  {QoS} Guarantees to {VBR} Traffic},
  journal =	 {IEEE/ACM Transactions on Networking},
  volume =	 5,
  number =	 2,
  year =	 1997,
  month =	 apr,
  pages =	 "219-231",
}

@INPROCEEDINGS{Knig97,
  author =	 {E. Knightly},
  title =	 {Second Moment Resource Allocation in Multi-Service
                  Networks},
  booktitle =	 {Proceedings of {ACM} {SIGMETRICS} '97},
  address =	 "Seattle, WA",
  year =	 1997,
  month =	 jun,
  pages =	 "181-191",
}

@INPROCEEDINGS{Knig97b,
  author =	 {E. Knightly},
  title =	 {On the Accuracy of Admission Control Tests},
  booktitle =	 {Proceedings of IEEE ICNP '97},
  year =	 1997,
  month =	 oct,
  address =	 "Atlanta, GA",
  pages =	 "125-133",
}

@INPROCEEDINGS{Knig98,
  author =	 {E. Knightly},
  title =	 {Enforceable Quality of Service Guarantees for Bursty
                  Traffic Streams},
  booktitle =	 {Proceedings of IEEE INFOCOM '98},
  year =	 1998,
  month =	 mar,
  address =	 {San Francisco, CA},
}

@INPROCEEDINGS{Knig98b,
  author =	 {E. Knightly},
  title =	 {Statistical Services for Worst-Case Policed Traffic},
  booktitle =	 {Proceedings of IEEE ICC '98},
  year =	 1998,
  month =	 jun,
  address =	 {Atlanta, GA},
}

@ARTICLE{KoLaOr95,
  author =	 {Y. Korilis and A. Lazar and A. Orda},
  title =	 {Architecting Noncooperative Networks},
  journal =	 {IEEE Journal on Selected Areas in Communications},
  volume =	 13,
  number =	 7,
  month =	 Sep,
  year =	 1995,
  pages =	 "1241-1251",
}

@INPROCEEDINGS{KrSaHu95,
  author =	 {M. Krunz and R. Sass and H. Hughes},
  title =	 {Statistical characteristics and multiplexing of
                  {MPEG} streams},
  booktitle =	 {Proceedings of IEEE {INFOCOM}'95},
  year =	 1995,
  month =	 apr,
  pages =	 "455-462",
  address =	 {Boston, MA},
}

@InProceedings{Kris96,
  author =	 "A. Krishnakumar",
  title =	 "{ATM} without strings: an overview of wireless
                  {ATM}",
  booktitle =	 "IEEE International Conference on Personal Wireless
                  Communications",
  year =	 "1996",
  address =	 "New Delhi, India",
  month =	 "Feb",
}

@ARTICLE{KruMak98,
  author =	 {M. Krunz and A. Makowski},
  title =	 {Modeling Video Traffic Using {M/G/$\infty$} Input
                  Processes: A compromise between {Markovian} and
                  {LRD} Models},
  journal =	 {IEEE Journal on Selected Areas in Communications},
  volume =	 16,
  number =	 5,
  month =	 Jun,
  year =	 1998,
  pages =	 "733-748",
}

@INPROCEEDINGS{KruTri97,
  author =	 {M. Krunz and S. Tripathi},
  title =	 {On the Characterization of {VBR MPEG} Streams},
  booktitle =	 {Proceedings of {ACM} {SIGMETRICS} '97},
  address =	 "Seattle, WA",
  year =	 1997,
  month =	 jun,
  pages =	 "192-202",
}

@ARTICLE{KruTri97b,
  author =	 {M. Krunz and S. Tripathi},
  title =	 {Impact of video scheduling on bandwidth allocation
                  for multiplexed {MPEG} streams},
  journal =	 {Multimedia Systems Journal},
  volume =	 5,
  number =	 6,
  year =	 1997,
  pages =	 "347-357",
}

@INPROCEEDINGS{Kuro92,
  author =	 {J. Kurose},
  title =	 {On Computing Per-session Performance Bounds in
                  High-Speed Multi-hop Computer Networks},
  booktitle =	 {Proceedings of {ACM} {SIGMETRICS} '92},
  address =	 {Newport, RI},
  month =	 jun,
  year =	 1992,
  pages =	 "128-139",
}

@BOOK{Kurose-Ross,
  author =	 {J. Kurose and K. Ross},
  title =	 {Computer Networking: A Top-Down Approach Featuring
                  the {I}nternet},
  publisher =	 {Addison-Wesley},
  year =	 2000,
}

@INPROCEEDINGS{KuzKni01,
  author =	 {A. Kuzmanovic and E. Knightly},
  title =	 {Measuring Service in Multi-Class Networks},
  booktitle =	 {Proceedings of IEEE INFOCOM '01},
  year =	 2001,
  month =	 apr,
  address =	 {Anchorage, Alaska},
}

@TECHREPORT{KweShi98,
  author =	 {S. Kweon and K. Shin},
  title =	 {Video-on-demand service using a statistical traffic
                  envelope},
  institution =	 {University of Michigan},
  address =	 {Ann Arbor, MI},
  year =	 1998,
}

@ARTICLE{LBD98,
  author =	 {J.-Y. Le Boudec},
  title =	 {Application of network calculus to guaranteed
                  service networks},
  journal =	 {IEEE Transactions on Information Theory},
  volume =	 44,
  number =	 3,
  pages =	 "1087-96",
  month =	 may,
  year =	 1998,
}

@Article{LPP94,
  author =	 {A. Lazar and G. Pacifici and D. Pendarakis},
  title =	 "Modeling Video Sources for Real Time Scheduling",
  journal =	 "ACM Multimedia Systems Journal",
  year =	 "1994",
  volume =	 "1",
  number =	 "6",
  pages =	 "253-266",
  month =	 "April",
}

@ARTICLE{LaLiMa96,
  author =	 "A. Lazar and K. Lim and F. Marconcini",
  title =	 {Realizing a foundation for programmability of {ATM}
                  networks with the binding architecture},
  journal =	 {IEEE Journal on Selected Areas of Communications},
  volume =	 14,
  number =	 7,
  month =	 sep,
  year =	 1996,
  pages =	 "1214-1227",
}

@INPROCEEDINGS{LaiBak99,
  author =	 {K. Lai and M. Baker},
  title =	 {Measuring Bandwidth},
  booktitle =	 {Proceedings of IEEE INFOCOM '99},
  year =	 1999,
  month =	 mar,
  address =	 {New York, NY},
}

@INPROCEEDINGS{LamXie95,
  author =	 {S. Lam and G. Xie},
  title =	 {Burst scheduling: architecture and algorithm for
                  switching packet video},
  booktitle =	 {Proceedings of IEEE {INFOCOM}'95},
  year =	 1995,
  month =	 apr,
  address =	 {Boston, MA},
  pages =	 "940-950",
}

@INPROCEEDINGS{LamXie96,
  author =	 {S. Lam and G. Xie},
  title =	 {An efficient adaptive search algorithm for
                  scheduling real-time traffic},
  booktitle =	 {Proceedings of IEEE ICNP '96},
  year =	 1996,
  month =	 oct,
  address =	 {Columbus, OH},
  pages =	 "14-22",
}

@ARTICLE{LamXie97,
  author =	 {S. Lam and G. Xie},
  title =	 {Group priority scheduling},
  journal =	 {IEEE/ACM Transactions on Networking},
  volume =	 5,
  number =	 2,
  year =	 1997,
  month =	 apr,
  pages =	 "205-218",
}

@ARTICLE{LauLi97,
  author =	 {W. Lau and S. Li},
  title =	 {Statistical Multiplexing and Buffer Sharing in
                  Multimedia Highspeed Networks: A Frequency Domain
                  Perspective},
  journal =	 {{IEEE/ACM} Transactions on Networking},
  volume =	 5,
  number =	 3,
  month =	 Jun,
  year =	 1997,
  pages =	 "382-396",
}

@ARTICLE{LazPac91,
  author =	 "A. Lazar and G. Pacifici",
  title =	 {Control of Resources in Broadband Networks with
                  Quality of Service Guarantees},
  journal =	 {IEEE Communications},
  month =	 oct,
  year =	 1991,
  pages =	 "66-73",
}

@ARTICLE{LeAkNa97,
  author =	 {D. Levine and I. Akyildiz and M. Naghshineh},
  title =	 {A resource estimation and call admission algorithm
                  for wireless multimedia networks using the shadow
                  cluster concept},
  journal =	 {IEEE/ACM Transactions on Networking},
  volume =	 5,
  number =	 1,
  year =	 1997,
  month =	 feb,
  pages =	 "1-12",
}

@ARTICLE{LeLaDu96,
  author =	 "T. Lee and K. Lai and S. Duann",
  title =	 "Design of a real-time call admission controller for
                  {ATM} networks",
  journal =	 {{IEEE/ACM} Transactions on Networking},
  volume =	 4,
  number =	 5,
  year =	 1996,
  month =	 oct,
  pages =	 "758-765",
}

@ARTICLE{LeMaWh94,
  author =	 {K. Leung and W. Massey and W. Whitt},
  title =	 {Traffic models for wireless communications networks},
  journal =	 {IEEE Journal on Selected Areas in Communications},
  volume =	 12,
  number =	 8,
  month =	 Oct,
  year =	 1994,
  pages =	 "1353-1364",
}

@ARTICLE{LeTaWiWi94,
  author =	 "W. Leland and M. Taqqu and W. Willinger and
                  D. Wilson",
  title =	 {On the Self-Similar Nature of {Ethernet} Traffic},
  journal =	 {IEEE/ACM Transactions on Networking},
  volume =	 2,
  number =	 1,
  pages =	 "1-15",
  year =	 1994,
  month =	 feb,
}

@ARTICLE{LeeMar95,
  author =	 {H. Lee and J. Mark},
  title =	 {Capacity Allocation in Statistical Multiplexing of
                  {ATM} Networks},
  journal =	 {{IEEE/ACM} Transactions on Networking},
  volume =	 3,
  number =	 2,
  pages =	 {139-151},
  month =	 apr,
  year =	 1995,
}

@ARTICLE{Li91,
  author =	 {S. Li},
  title =	 {A general solution technique for discrete queueing
                  analysis of multimedia traffic on {ATM}},
  journal =	 {IEEE Transactions on Communications},
  volume =	 39,
  month =	 Jul,
  year =	 1991,
  pages =	 "1115-1132",
}

@ARTICLE{LiHwa93a,
  author =	 {S. Li and C. Hwang},
  title =	 {Queue Response to Input Correlation Functions:
                  Discrete Spectral Analysis},
  journal =	 {{IEEE/ACM} Transactions on Networking},
  volume =	 1,
  number =	 5,
  month =	 Oct,
  year =	 1993,
  pages =	 "552-533",
}

@ARTICLE{LiHwa93b,
  author =	 {S. Li and C. Hwang},
  title =	 {Queue Response to Input Correlation Functions:
                  Continuous Spectral Analysis},
  journal =	 {{IEEE/ACM} Transactions on Networking},
  volume =	 1,
  number =	 6,
  month =	 Dec,
  year =	 1993,
  pages =	 "678-692",
}

@INPROCEEDINGS{LiKn00,
  author =	 {C. Li and E. Knightly},
  title =	 {Coordinated Network Scheduling: A Framework for
                  End-to-End Services},
  booktitle =	 {Proceedings of IEEE ICNP '00},
  year =	 2000,
  month =	 nov,
  address =	 "Osaka, Japan",
}

@Misc{LiWr99,
  Author =	 "J. Liebeherr and D. E. Wrege",
  Title =	 "{Priority Queue Schedulers with Approximate Sorting
                  in Output Buffered Switches}",
  Note =	 "IEEE Journal on Selected Areas in
                  Communications. Special Issue on Next Generation IP
                  Switches and Routers, 1999 (to appear)"
}

@ARTICLE{LiWrFe96,
  author =	 {J. Liebeherr and D. Wrege and D. Ferrari},
  title =	 {Exact Admission Control For Networks With Bounded
                  Delay Services},
  journal =	 {{IEEE/ACM} Transactions on Networking},
  month =	 dec,
  year =	 1996,
  volume =	 4,
  number =	 6,
  pages =	 "885-901",
}

@ARTICLE{LiuLey73,
  author =	 {C.L. Liu and J.W. Layland},
  title =	 {Scheduling algorithms for multiprogramming in a hard
                  real-time environment},
  journal =	 {Journal of {ACM}},
  volume =	 20,
  number =	 1,
  month =	 jan,
  year =	 1973,
  pages =	 "46-61",
}

@INPROCEEDINGS{Lixia-sig-90,
  author =	 {L. Zhang},
  title =	 {Virtual Clock: A New Traffic Control Algorithm for
                  Packet Switching Networks},
  booktitle =	 {Proceedings of ACM SIGCOMM '90},
  month =	 sep,
  year =	 1990,
  pages =	 "19-29",
  address =	 {Philadelphia, PA},
}

@PHDTHESIS{Lixia-thesis,
  author =	 {L. Zhang},
  key =		 {Zhang89},
  title =	 {A New Architecture for Packet Switched Network
                  Protocols},
  school =	 {Massachusetts Institute of Technology},
  type =	 "{PhD} Dissertation",
  month =	 jul,
  year =	 1989,
}

@INPROCEEDINGS{LoMoSc98,
  author =	 {A. Lombardo and G. Morabito and G. Schembra},
  title =	 {An accurate and treatable {Markov} model of
                  {MPEG}-video traffic},
  booktitle =	 {Proceedings of IEEE INFOCOM '98},
  year =	 1998,
  month =	 mar,
  address =	 {San Francisco, CA},
}

@ARTICLE{LoZhToKu99,
  author =	 {F. Lo Presti and Z. Zhang and D. Towsley and
                  J. Kurose},
  title =	 {Source time scale and optimal buffer/bandwidth
                  tradeoff for heterogeneous regulated traffic in an
                  network node},
  journal =	 {IEEE/ACM Transactions on Networking},
  volume =	 7,
  number =	 4,
  year =	 1999,
  month =	 aug,
  pages =	 "490-501",
}

@INPROCEEDINGS{LowVar91,
  author =	 {S. Low and P. Varaiya},
  title =	 {A Simple Theory of Traffic and Resource Allocation
                  in {ATM}},
  booktitle =	 {Proceedings of IEEE {GLOBECOM}'91},
  month =	 dec,
  pages =	 "1633-1637",
  year =	 1991,
  address =	 {Phoenix, AZ},
}

@INPROCEEDINGS{LowVar93,
  author =	 {S. Low and P. Varaiya},
  title =	 {Burstiness bounds for some burst reducing servers},
  booktitle =	 {Proceedings of IEEE {INFOCOM}'93},
  year =	 1993,
  month =	 Mar,
  pages =	 "2-9",
  address =	 "San Francisco, CA",
}

@ARTICLE{LowVar95,
  author =	 {S. Low and P. Varaiya},
  title =	 {Burst reducing servers in {ATM} networks},
  journal =	 {Queueing Systems, Theory and Applications},
  volume =	 20,
  number =	 "1-2",
  year =	 1995,
  pages =	 "61-84",
}

@article{Loynes62a,
  author =	 {R. Loynes},
  title =	 {{The Stability of a Queue with Non-independent
                  Inter-arrival and Service Times}},
  journal =	 {Proceedings of Cambridge Philos. Soc.},
  volume =	 {58},
  pages =	 {497--520},
  year =	 {1962}
}

@InProceedings{LuBhSr97,
  author =	 "S. Lu and V. Bharghavan and R. Srikant",
  title =	 "Fair Queueing in Wireless Packet Networks",
  booktitle =	 {Proceedings of ACM SIGCOMM '97},
  year =	 1997,
  month =	 sep,
  address =	 "Cannes, France",
}

@ARTICLE{MARS-jsac,
  author =	 "J. Hyman and A. Lazar and G. Pacifici",
  title =	 "Real-Time Scheduling with Quality of Service
                  Constraints",
  journal =	 {IEEE Journal on Selected Areas of Communications},
  volume =	 9,
  number =	 7,
  month =	 sep,
  year =	 1991,
  pages =	 "1052-1063",
}

@INPROCEEDINGS{MARS-sig,
  author =	 {J. Hyman and A. Lazar},
  title =	 "{MARS}: The {Magnet} {II} Real-Time Scheduling
                  algorithm",
  booktitle =	 {Proceedings of {ACM} {SIGCOMM}'91},
  month =	 sep,
  year =	 1991,
  pages =	 "285-293",
  address =	 {Zurich, Switzerland},
}

@INPROCEEDINGS{MCHIP,
  author =	 {Guru M. Parulkar and J. S. Turner},
  title =	 {Towards a framework for high speed communications in
                  a heterogeneous networking environment},
  booktitle =	 {Proceedings of IEEE {INFOCOM}'89},
  month =	 apr,
  year =	 1989,
  address =	 {Ottawa, Canada},
  pages =	 "655-668",
}

@INPROCEEDINGS{MESZ96,
  author =	 "D. Mitzel, D. Estrin, S. Shenker and L. Zhang",
  title =	 {A Study of Reservation Dynamics in Integrated
                  Services Packet Networks},
  booktitle =	 {Proceedings of {IEEE INFOCOM '96}},
  address =	 "San Francisco, CA",
  month =	 mar,
  year =	 1996,
}

@INPROCEEDINGS{MM98,
  author =	 {A. Mekkittikul and N. McKeown},
  title =	 {A Practical Scheduling Algorithm to Achieve 100\%
                  Throughput in Input-Queued Switches},
  booktitle =	 {Proceedings of IEEE INFOCOM '98},
  year =	 1998,
  month =	 mar,
  address =	 {San Francisco, CA},
}

@INPROCEEDINGS{MaPeLa95,
  author =	 {L. Mason and A. Pelletier and J. Lapointe},
  title =	 {Towards optimal policing in {ATM} networks},
  booktitle =	 {Proceedings of IEEE {INFOCOM}'95},
  year =	 1995,
  month =	 apr,
  pages =	 "1239-1247",
  address =	 {Boston, MA},
}

@INPROCEEDINGS{MahSiv98,
  author =	 {I. Mahadevan and K. Sivalingam},
  title =	 {An architecture for {QoS} guarantees and routing in
                  wireless/mobile networks},
  booktitle =	 {Proceedings of First ACM International Workshop on
                  Wireless Mobile Multimedia},
  year =	 1998,
  month =	 oct,
  address =	 {Dallas, TX},
}

@INPROCEEDINGS{McKenney,
  author =	 {Paul McKenney},
  title =	 {Stochastic Fairness Queueing},
  booktitle =	 {Proceedings of IEEE INFOCOM '90},
  month =	 jun,
  year =	 1990,
  address =	 {San Francisco, CA},
}

@ARTICLE{McMRos96,
  author =	 {J. McManus and K. Ross},
  title =	 {Video-on-demand over {ATM}: constant-rate
                  transmission and transport},
  journal =	 {IEEE Journal on Selected Areas in Communications},
  volume =	 14,
  number =	 6,
  year =	 1996,
  month =	 aug,
  pages =	 "1087-1098",
}

@INPROCEEDINGS{MeReSe95,
  author =	 {B. Melamed and Q. Ren and B. Sengupta},
  title =	 {Modeling and analysis of a single server queue with
                  autocorrelated traffic},
  booktitle =	 {Proceedings of IEEE {INFOCOM}'95},
  year =	 1995,
  month =	 apr,
  pages =	 "634-642",
  address =	 {Boston, MA},
}

@INPROCEEDINGS{Mehra03,
  author =	 {P. Mehra and A. Zakhor and C. De Vleeschouwer},
  title =	 {Receiver-Driven Bandwidth Sharing for {TCP}},
  booktitle =	 {Proceedings of IEEE INFOCOM '03},
  year =	 2003,
  month =	 apr,
  address =	 {San Francisco, CA},
}

@ARTICLE{MiKaTr96,
  author =	 {P. Mishra and H. Kanakia and S. Tripathi},
  title =	 {On hop-by-hop rate-based congestion control},
  journal =	 {{IEEE/ACM} Transactions on Networking},
  volume =	 4,
  number =	 2,
  month =	 Apr,
  year =	 1996,
  pages =	 "224-239",
}

@ARTICLE{Mills90,
  author =	 {D. Mills},
  title =	 {On the accuracy and stability of clocks synchronized
                  by the {Network Time Protocol} in {Internet}
                  systems},
  journal =	 {Computer Comm. Review},
  volume =	 20,
  number =	 1,
  month =	 jan,
  year =	 1990,
}

@INPROCEEDINGS{MitMor95,
  author =	 {D. Mitra and J. Morrison},
  title =	 {Multiple Time Scale Regulation and Worst Case
                  Processes for {ATM} Network Control},
  booktitle =	 {Proceedings of IEEE Conference on Decision and
                  Control},
  year =	 1995,
  month =	 oct,
  pages =	 "353-358",
}

@inproceedings{ NETBLT87,
  author =	 "D. Clark and M. Lambert and L. Zhang",
  title =	 "{NETBLT}: A high throughput transport protocol",
  booktitle =	 "{Proceedings of ACM SIGCOMM '87}",
  year =	 "1987",
  month =	 aug,
  address =	 "Stowe, VM",
}

@INPROCEEDINGS{NVSB00,
  author =	 "T. Nandagopal and N. Venkitaraman and R. Sivakumar
                  and V. Bharghavan",
  title =	 {Relative Delay Differentation and Delay Class
                  Adaptation in Core-Stateless Networks},
  booktitle =	 {Proceedings of IEEE INFOCOM '00},
  address =	 "Tel Aviv, Israel",
  month =	 mar,
  year =	 2000,
}

@ARTICLE(NagWil97,
  author =	 "M. Naghshineh and M. Willebeek-LeMair",
  title =	 "End-to-end {QoS} provisioning multimedia
                  wireless/mobile networks using an adaptive
                  framework",
  journal =	 "IEEE Communications",
  pages =	 "72-81",
  volume =	 35,
  number =	 11,
  month =	 nov,
  year =	 1997,
)

@INPROCEEDINGS{Nagarajan93,
  author =	 { R. Nagarajan and J. Kurose and D. Towsley},
  title =	 { Local allocation of end-to-end quality-of-service
                  in high-speed networks},
  booktitle =	 {{IFIP} {TC6 Task Group/WG6.4} International Workshop
                  on Performance of Communication Systems},
  year =	 1993,
  month =	 jan,
  pages =	 "99-118",
  address =	 "Martinique",
}

@INPROCEEDINGS{NeLyMi96,
  author =	 "P. Newman and T. Lyon and G. Minshall",
  title =	 "Flow Labelled {IP}: A connectionless approach to
                  {ATM}",
  booktitle =	 {Proceedings of {IEEE INFOCOM'96}},
  address =	 "San Francisco, CA",
  month =	 mar,
  year =	 1996,
  pages =	 "1251-1260",
}

@INPROCEEDINGS{NgStZh98,
  author =	 {T. Ng and I. Stoica and H. Zhang},
  title =	 {Packet Fair Queueing Algorithms For Wireless
                  Networks with Location-Dependent Errors},
  booktitle =	 {Proceedings of IEEE INFOCOM '98},
  year =	 1998,
  month =	 mar,
  address =	 {San Francisco, CA},
}

@Article{NiOn92,
  Author =	 "I. Nikolaidis and R. Onvural",
  Title =	 "{A Bibliography on Performance Issues in {ATM}
                  Networks}",
  Journal =	 "Computer Comm. Review",
  Volume =	 "22",
  Number =	 "5",
  Month =	 "October",
  Year =	 "1992",
  Pages =	 "8--23"
}

@INPROCEEDINGS{NikAky97,
  author =	 {Y. Nikolaidis and I. Akyildiz},
  title =	 {An Overview of Source Charcterization in {ATM}
                  Networks},
  booktitle =	 {Modeling and Simulation of Computer and
                  Communication Networks: Techniques, Tools and
                  Tutorials},
  publisher =	 {Gordon and Breach Publishing Co.},
  pages =	 "123-150",
  year =	 "1997",
}

@INPROCEEDINGS{Oech97,
  author =	 {P. Oechslin},
  title =	 {Worst case arrivals of leaky bucket constrained
                  sources: the myth of the on-off source},
  booktitle =	 {Proceedings of the 1997 International Workshop on
                  Quality of Service},
  year =	 1997,
  month =	 may,
  address =	 {New York, NY},
  pages =	 "67-76",
}

@INPROCEEDINGS{PI,
  author =	 {C. Hollot and V. Misra and W. Gong and D. Towsley},
  title =	 {On Designing Improved Controllers for {AQM} Routers
                  Supporting {TCP} Flows},
  booktitle =	 {Proceedings of IEEE INFOCOM '01},
  year =	 2001,
  month =	 jun,
  address =	 {Anchorage, Alaska},
}

@MISC{PNNI,
  author =	 {{ATM} {Forum}},
  title =	 {{ATM} {P-NNI} {V1.0} Specification},
  note =	 {{ATM} {Forum} document},
  year =	 1996,
  month =	 mar,
}

@INPROCEEDINGS{PaSmRo93,
  author =	 {K. Patel and B. Smith and L. Rowe},
  title =	 {Performance of a software {MPEG} video decoder},
  booktitle =	 {Proceedings of the 1st {ACM} International
                  Conference on Multimedia},
  address =	 {Anaheim, {CA}},
  month =	 aug,
  year =	 1993,
  pages =	 "75-82",
}

@INPROCEEDINGS{PaZhFe94,
  author =	 {C. Parris and H. Zhang and D. Ferrari},
  title =	 {A Dynamic Management Scheme for Real-Time
                  Connections},
  booktitle =	 {Proceedings of IEEE {INFOCOM}'94},
  year =	 1994,
  month =	 jun,
  pages =	 "698-707",
  address =	 {Toronto, Ontario},
}

@ARTICLE{ParGal93,
  author =	 {Parekh, A. and Gallager, R.},
  title =	 {A generalized processor sharing approach to flow
                  control in integrated services networks: the
                  single-node case},
  journal =	 {{IEEE/ACM} Transactions on Networking},
  volume =	 1,
  number =	 3,
  year =	 1993,
  month =	 jun,
  pages =	 "344-357",
}

@ARTICLE{ParGal94,
  author =	 {Parekh, A. and Gallager, R.},
  title =	 {A generalized processor sharing approach to flow
                  control in integrated services networks: the
                  multiple node case},
  journal =	 {{IEEE/ACM} Transactions on Networking},
  volume =	 2,
  number =	 2,
  year =	 1994,
  month =	 apr,
  pages =	 "137-150",
}

@InProceedings{Paxson97,
  author =	 {V. Paxson},
  title =	 {End-to-End Internet Packet Dynamics},
  booktitle =	 {Proceedings of ACM SIGCOMM '97},
  year =	 1997,
  month =	 sep,
  address =	 "Cannes, France",
}

@PHDTHESIS{Peha-thesis,
  author =	 {Jon M. Peha},
  title =	 {Scheduling and Dropping Algorithms to Support
                  Integrated Services in Packet-switching Networks},
  school =	 {Stanford University},
  type =	 "{PhD} Dissertation",
  month =	 jun,
  year =	 1991,
}

@ARTICLE{QiuKni01,
  author =	 {J. Qiu and E. Knightly},
  title =	 {Measurement-Based Admission Control with Aggregate
                  Traffic Envelopes},
  journal =	 {IEEE/ACM Transactions on Networking},
  volume =	 9,
  number =	 2,
  year =	 2001,
  month =	 apr,
  pages =	 "199-210",
}

@INPROCEEDINGS{QiuKni98,
  author =	 "J. Qiu and E. Knightly",
  title =	 {{QoS} Control via Robust Envelope-Based {MBAC}},
  booktitle =	 {IEEE/IFIP IWQoS '98},
  address =	 "Napa, CA",
  month =	 may,
  year =	 1998,
}

@INPROCEEDINGS{QiuKni99,
  author =	 "J. Qiu and E. Knightly",
  title =	 {Inter-Class Resource Sharing using Statistical
                  Service Envelopes},
  booktitle =	 {Proceedings of IEEE INFOCOM '99},
  address =	 "New York, NY",
  month =	 mar,
  year =	 1999,
}

@inproceedings{ RCP03,
  author =	 "H.-Y. Hsieh and K.-H. Kim and Y. Zhu and
                  R. Sivakumar",
  title =	 "A Receiver-Centric Transport Protocol for Mobile
                  Hosts with Heterogeneous Wireless Interfaces",
  booktitle =	 "{Proceedings of ACM MOBICOM '03}",
  year =	 "2003",
  month =	 sep,
  address =	 "San Diego, CA",
}

@INPROCEEDINGS{RRCB99,
  author =	 {V. Ribeiro and R. Riedi and M. Crouse and
                  R. Baraniuk},
  title =	 {Simulation of nonGaussian Long-Range-Dependent
                  Traffic Using Wavelets},
  booktitle =	 {Proceedings of {ACM} {SIGMETRICS} '99},
  month =	 jun,
  year =	 1999,
  address =	 {Atlanta, GA},
  pages =	 "1-12",
}

@INPROCEEDINGS(RaNaTo96,
  author =	 "R. Ramjee and R. Nagarajan and D. Towsley",
  title =	 "On Optimal Call Admission Control in Cellular
                  Networks",
  booktitle =	 {Proceedings of IEEE INFOCOM '96},
  year =	 1996,
  month =	 mar,
  address =	 {San Francisco, CA},
  pages =	 "43-50",
)

@INPROCEEDINGS{RaReRo98,
  author =	 {S. Rajagopal and M. Reisslein and K. Ross},
  title =	 {Packet Multiplexers with Adversarial Regulated
                  Traffic},
  booktitle =	 {Proceedings of IEEE INFOCOM '98},
  year =	 1998,
  month =	 mar,
  address =	 {San Francisco, CA},
}

@INPROCEEDINGS{RamAgr98,
  author =	 {P. Ramanathan and P. Agrawal},
  title =	 {Adapting packet fair queueing algorithms to wireless
                  networks},
  booktitle =	 {Proceedings of MOBICOM '98},
  year =	 1998,
  month =	 oct,
  address =	 {Dallas, TX},
}

@INPROCEEDINGS{Ramon-sigcomm,
  author =	 {R. Caceres and P. Danzig and S. Jamin and D. Mitzel},
  title =	 {Characteristics of Wide-Area {TCP/IP} Conversations},
  booktitle =	 {Proceedings of {ACM} {SIGCOMM}'91},
  month =	 sep,
  year =	 1991,
  pages =	 "101-112",
  address =	 {Zurich, Switzerland},
}

@ARTICLE{ReiRos97,
  author =	 {M. Reisslein and K. Ross},
  title =	 {Call Admission for Prerecorded Sources with Packet
                  Loss},
  journal =	 {IEEE Journal on Selected Areas in Communications},
  volume =	 15,
  number =	 6,
  year =	 1997,
  month =	 aug,
  pages =	 "1167-1180",
}

@INPROCEEDINGS{Rose95,
  Author =	 "O. Rose",
  Title =	 "Statistical Properties of {MPEG} Video Traffic and
                  their Impact on Traffic Modeling in {ATM} Systems",
  booktitle =	 {Proceedings of IEEE Conference on Local Computer
                  Networks},
  year =	 1995,
  month =	 oct,
  address =	 {Minneapolis, MN},
  pages =	 "397-406",
}

@ARTICLE{Rose97,
  author =	 {O. Rose},
  title =	 {Simple and efficient models for variable bit rate
                  {MPEG} video traffic},
  journal =	 {Performance Evaluation},
  year =	 1997,
  volume =	 30,
  number =	 "1-2",
  pages =	 "69-85",
}

@BOOK{Ross-book,
  author =	 {K. Ross},
  title =	 {Introduction to Probability Models},
  publisher =	 {Academic Press},
  year =	 1997,
}

@BOOK{Ross-loss,
  author =	 {K. Ross},
  title =	 {Multiservice Loss Models for Broadband
                  Telecommunication Networks},
  publisher =	 {Springer Verlag},
  year =	 1995,
}

@INPROCEEDINGS{Ross98,
  author =	 {M. Reisslein and K. W. Ross and S. Rajagopal},
  title =	 {Guaranteeing statistical QoS to regulated traffic:
                  The multiple node case},
  booktitle =	 {Proceedings of IEEE IEEE Conference on Decision and
                  Control},
  month =	 Mar,
  year =	 1998,
  location =	 "Tampa, FL",
}

@INPROCEEDINGS{RyuElw96,
  author =	 {B. Ryu and A. Elwalid},
  title =	 {The Importance of Long-Range Dependence of {VBR}
                  Video Traffic in {ATM} Traffic Engineering: Myths
                  and Realities},
  booktitle =	 {Proceedings of {ACM} {SIGCOMM}'96},
  year =	 1996,
  month =	 aug,
  address =	 "Stanford, CA",
}

@MISC{SCG00,
  author =	 {V. Sivaraman and F. Chiussi and M. Gerla},
  title =	 {End-to-end statistical delay service under {GPS} and
                  {EDF} scheduling: a comparison study},
  month =	 jul,
  year =	 2000,
  note =	 {preprint},
}

@ARTICLE{SCP99,
  author =	 {H. Sariowan and R. Cruz and G. Polyzos},
  title =	 {{SCED}: a generalized scheduling policy for
                  guaranteeing quality-of-service},
  journal =	 {IEEE/ACM Transactions on Networking},
  volume =	 7,
  number =	 5,
  year =	 1999,
  month =	 oct,
  pages =	 "669-684",
}

@ARTICLE{SJ80,
  author =	 {J. Shore and R. Johnson},
  title =	 {Axiomatic derivation of the principle of maximum
                  entropy and the principle of minimum cross-entropy},
  journal =	 {IEEE Transactions on Information Theory},
  volume =	 {26},
  number =	 1,
  month =	 jan,
  year =	 1980,
  pages =	 "26-37",
}

@INPROCEEDINGS{SKWS99,
  author =	 "J. Schmitt, M. Karsten, L. Wolf, and R. Steinmetz",
  title =	 {Aggregation of Guaranteed Service Flows},
  booktitle =	 {IWQoS '99},
  address =	 "London, UK",
  month =	 may,
  year =	 1999,
}

@InProceedings{SP98,
  author =	 "O. Schelen and S. Pink",
  title =	 "Aggregating Resource Reservations over Multiple
                  Routing Domains",
  booktitle =	 "Proceedings of IWQoS '98",
  address =	 "Napa, CA",
  year =	 "1998",
  month =	 "May"
}

@INPROCEEDINGS{SRED,
  author =	 {T. J. Ott and T. V. Lakshman and L. Wong},
  title =	 {{SRED}: Stabilized {RED}},
  booktitle =	 {Proceedings of IEEE INFOCOM '99},
  year =	 1999,
  month =	 mar,
  address =	 {New York, NY},
}

@InProceedings{SRP,
  author =	 "T. Ferrari, W. Almesberger, J.-Y. Le Boudec",
  title =	 "{SRP}: a Scalable Resource Reservation Protocol for
                  the {Internet}",
  booktitle =	 "Proceedings of IWQoS '98",
  address =	 "Napa, CA",
  year =	 "1998",
  month =	 "May"
}

@INPROCEEDINGS{SSYK00,
  author =	 "J. Schlembach and A. Skoe and P. Yuan and
                  E. Knightly",
  title =	 "Design and Implementation of Scalable Admission
                  Control",
  booktitle =	 {Proceedings of the International Workshop on QoS in
                  Multiservice IP Networks},
  month =	 jan,
  year =	 2001,
  address =	 {Rome, Italy},
}

@INPROCEEDINGS{SSZ98,
  author =	 {I. Stoica and S. Shenker and H. Zhang},
  title =	 {{Core-Stateless Fair Queueing}: A scalable
                  architecture to approximate fair bandwidth
                  allocations in high speed networks},
  booktitle =	 {Proceedings of ACM SIGCOMM '98},
  year =	 1998,
  month =	 sep,
  address =	 "Vancouver, British Columbia",
}

@MISC{ST2,
  author =	 {Claudio Topolcic},
  title =	 "Experimental Internet Stream Protocol, Version 2
                  ({ST}-{II})",
  note =	 "{RFC} 1190",
  month =	 oct,
  year =	 1990,
}

@ARTICLE{SZKT98,
  author =	 {J. Salehi and Z. Zhang and J. Kurose and D. Towsley},
  title =	 {Supporting Stored Video: Reducing Rate Variability
                  and End-to-End Resource Requirements through Optimal
                  Smoothing},
  journal =	 {IEEE/ACM Transactions on Networking},
  volume =	 6,
  number =	 4,
  year =	 1998,
  month =	 aug,
  pages =	 "397-410",
}

@INPROCEEDINGS{SaqYat95,
  author =	 {M. Saquib and R. Yates},
  title =	 {Optimal Call Admission to a Mobile Cellular Network},
  booktitle =	 {IEEE Vehicular Technology Conference},
  address =	 "Chicago, IL",
  month =	 jul,
  year =	 1995,
  pages =	 "190-194",
}

@BOOK{Scharf,
  author =	 {L. Scharf},
  title =	 {Statistical Signal Processing: Detection,
                  Estimation, and Time Series Analysis},
  publisher =	 {Addison-Wesley},
  year =	 1991,
}

@INPROCEEDINGS{ShaSri00,
  author =	 {S. Shakkottai and R. Srikant},
  title =	 {Many-sources Delay Asymptotics with Applications to
                  Priority Queues},
  booktitle =	 {Proceedings of ACM SIGMETRICS '00},
  month =	 jun,
  year =	 {2000},
  place =	 {Santa Clara, CA},
}

@ARTICLE{Shenkar96,
  author =	 {S. Shenkar},
  title =	 {Making greed work in networks: a game-theoretic
                  analysis of switch service disciplines},
  journal =	 {{IEEE/ACM} Transactions on Networking},
  volume =	 3,
  number =	 6,
  year =	 1995,
  month =	 dec,
  pages =	 "819-831",
}

@ARTICLE{ShrVar96,
  author =	 "M. Shreedhar and G. Varghese",
  title =	 {Efficient fair queueing using deficit round-robin},
  journal =	 {IEEE/ACM Transactions on Networking},
  volume =	 4,
  number =	 3,
  pages =	 "375-385",
  year =	 1996,
  month =	 jun,
}

@INPROCEEDINGS{SilWal98,
  author =	 "M. Siler and J. Walrand",
  title =	 {On-line measurement of {QoS} for call admission
                  control},
  booktitle =	 {IEEE/IFIP IWQoS '98},
  address =	 "Napa, CA",
  month =	 may,
  year =	 1998,
}

@ARTICLE{SimGui95,
  author =	 {A. Simonian and J. Guibert},
  title =	 {Large deviations approximation for fluid queues fed
                  by a large number of on/off sources},
  journal =	 {IEEE Journal on Selected Areas in Communications},
  volume =	 13,
  number =	 6,
  month =	 Aug,
  year =	 1995,
  pages =	 "1017-1027",
}

@ARTICLE(Singh96,
  author =	 "S. Singh",
  title =	 " Quality of service guarantees in mobile computing",
  journal =	 "Computer Communications",
  pages =	 "359-371",
  volume =	 19,
  number =	 4,
  month =	 Apr,
  year =	 1996,
)

@INPROCEEDINGS{SivChi00,
  author =	 "V. Sivaraman and F. Chiussi",
  title =	 {Providing end-to-end statistical delay guarantees
                  with earliest deadline first scheduling and per-hop
                  traffic shaping},
  booktitle =	 {Proceedings of IEEE INFOCOM '00},
  address =	 "Tel Aviv, Israel",
  month =	 mar,
  year =	 2000,
}

@ARTICLE{SkScDi93,
  author =	 {P. Skelly and M. Schwartz and S. Dixit},
  title =	 {A Histogram-Based Model for Video Traffic Behavior
                  in an {ATM} Multiplexer},
  journal =	 {{IEEE/ACM} Transactions on Networking},
  volume =	 1,
  number =	 4,
  pages =	 {446-459},
  month =	 aug,
  year =	 1993,
}

@inproceedings{ Snoeren01,
  author =	 "A. C. Snoeren and C. Partridge and L. A. Sanchez and
                  C. E. Jones and F. Tchakountio and S. T. Kent and
                  W. T. Strayer",
  title =	 "Hash-Based {IP} Traceback",
  booktitle =	 "{Proceedings of ACM SIGCOMM '01}",
  year =	 "2001",
  month =	 aug,
  address =	 "San Diego, CA",
}

@INPROCEEDINGS{Spring00,
  author =	 {N. Spring and M. Chesire and M. Berryman and
                  V. Sahasranaman and T. Anderson and B. Bershad},
  title =	 {Receiver Based Management of Low Bandwidth Access
                  Links},
  booktitle =	 {Proceedings of IEEE INFOCOM '00},
  year =	 2000,
  month =	 mar,
  address =	 {Tel Aviv, Israel},
}

@INPROCEEDINGS{SrThKo95,
  author =	 {S. Srinidhi and W. Thesling and V. Konangi},
  title =	 {A heuristic algorithm for admission control in {ATM}
                  networks},
  booktitle =	 {Proceedings of IEEE {MASCOTS}'95},
  year =	 1995,
  month =	 jan,
  address =	 {Durham, NC},
  pages =	 "280-286",
}

@INPROCEEDINGS{StaSid99,
  author =	 "D. Starobinski and M. Sidi",
  title =	 {Stochastically bounded burstiness for communication
                  networks},
  booktitle =	 {Proceedings of IEEE INFOCOM '99},
  address =	 "New York, NY",
  month =	 mar,
  year =	 1999,
}

@ARTICLE{SteKat98,
  author =	 {M. Stemm and R. Katz},
  title =	 {Vertical handoffs in wireless overlay networks},
  journal =	 {Mobile Networks and Applications},
  volume =	 3,
  number =	 4,
  year =	 1998,
  pages =	 "335-350",
}

@INPROCEEDINGS{SteZha98,
  author =	 {D. Stephens and H. Zhang},
  title =	 {Implementing Distributed Packet Fair Queueing in a
                  Scalable Switch Architecture},
  booktitle =	 {Proceedings of IEEE INFOCOM '98},
  year =	 1998,
  month =	 mar,
  address =	 {San Francisco, CA},
}

@INPROCEEDINGS{StoZha99,
  author =	 {I. Stoica and H. Zhang},
  title =	 {Providing guaranteed services without per flow
                  management},
  booktitle =	 {Proceedings of {ACM} {SIGCOMM} '99},
  year =	 1999,
  month =	 aug,
  address =	 {Cambridge, MA},
}

@inproceedings{ TBIT01,
  author =	 "J. Padhye and S. Floyd",
  title =	 "Identifying the {TCP} Behavior of Web Servers",
  booktitle =	 "Proceedings of ACM SIGCOMM '01",
  year =	 "2001",
  month =	 aug,
  address =	 "San Diego, CA"
}

@TechReport{ TBIT04,
  author =	 "A. Medina and J. Padhye and S. Floyd",
  title =	 "Measuring the Evoluation of Transport Protocols in
                  the {I}nternet",
  year =	 "2004",
}

@article{TCP-Real02,
  author =	 "V. Tsaoussidis and C. Zhang",
  title =	 "{TCP-Real}: Receiver-oriented Congestion Control",
  journal =	 "The Journal of Computer Networks",
  volume =	 "40",
  number =	 "4",
  pages =	 "477--497",
  year =	 "2002",
  month =	 apr,
}

@INPROCEEDINGS{TCP-nice,
  author =	 {A. Venkataramani and R. Kokku and M. Dahlin},
  title =	 {{TCP} {N}ice: A Mechanism for Background Transfers},
  booktitle =	 osdi,
  year =	 2002,
  month =	 dec,
  address =	 "Boston, MA",
}

@TechReport{ TCP04workload,
  author =	 "F. Campos and F. Smith and K. Jeffay",
  title =	 "Generating Realistic {TCP} Workloads",
  year =	 "2004",
}

@inproceedings{ TFRC00,
  author =	 "S. Floyd and M. Handley and J. Padhye and J. Widmer",
  title =	 "Equation-Based Congestion Control for Unicast
                  Applications",
  booktitle =	 "{Proceedings of ACM SIGCOMM '00}",
  year =	 "2000",
  month =	 aug,
  address =	 "Stockholm, Sweden",
}

@inproceedings{TIK,
  author =	 {Y. Hu and A. Perrig and D. Johnson},
  title =	 {Packet Leashes: A Defense against Wormhole Attacks
                  in Wireless Networks},
  booktitle =	 {Proceedings of IEEE INFOCOM '03},
  year =	 2003,
  month =	 apr,
  address =	 {San Francisco, CA},
}

@INPROCEEDINGS{TWOZ99,
  author =	 {A. Terzis and L. Wang and J. Ogawa and L. Zhang},
  title =	 {A Two-Tier Resource Management Model for the
                  {I}nternet},
  booktitle =	 {Proceedings of Global Internet Symposium '99},
  year =	 1999,
  month =	 dec,
  address =	 "Rio de Janeiro, Brazil",
}

@InProceedings{TZH98,
  author =	 "A. Terzis, L. Zhang and E. Hahne",
  title =	 "Making Reservations for Aggregate Flows: Experiences
                  from an RSVP Tunnels Implementation",
  booktitle =	 "Proceedings of IWQoS '98",
  address =	 "Napa, CA",
  year =	 "1998",
  month =	 "May"
}

@INPROCEEDINGS{TaBaAc97,
  author =	 {A. Talukdar and B. Badrinath and A. Acharya},
  title =	 {On accommodating mobile hosts in an integrated
                  services packet network},
  booktitle =	 {Proceedings of IEEE INFOCOM '97},
  year =	 1997,
  month =	 apr,
  address =	 {Kobe, Japan},
}

@ARTICLE{TaBaAc99,
  author =	 {A. Talukdar and B. Badrinath and A. Acharya},
  title =	 {Integrated services packet networks with mobile
                  hosts: Architecture and performance},
  journal =	 {Wireless Networks},
  volume =	 5,
  number =	 2,
  year =	 1999,
  pages =	 "111-124",
}

@INPROCEEDINGS{Todorova-90,
  author =	 {Petia Todorova and Dinesh C. Verma},
  title =	 {Delay Constraints and Admission Control in {ATM}
                  Networks},
  booktitle =	 {Proceedings of {IEEE GLOBECOM'90}},
  year =	 1990,
  month =	 Dec,
  address =	 {San Diego, CA},
  pages =	 "905.6.1-905.6.4",
}

@INPROCEEDINGS{TseGro97,
  author =	 {D. Tse and M. Grossglauser},
  title =	 {Measurement-based Call Admission Control: Analysis
                  and Simulation},
  booktitle =	 {Proceedings of IEEE INFOCOM '97},
  year =	 1997,
  month =	 apr,
  address =	 {Kobe, Japan},
}

@INPROCEEDINGS{Tu-90,
  author =	 {S-C. Tu and W-H. Leung},
  title =	 {Multicast Connection-Oriented Packet Switching
                  Networks},
  booktitle =	 {IEEE International Conference on Communications,
                  ICC'90},
  year =	 1990,
  pages =	 "308.4.1-308.4.7",
}

@ARTICLE{Turner86,
  author =	 {J. Turner},
  title =	 {New Directions In Communications (or Which way to
                  the Information Age?)},
  journal =	 {IEEE Communications},
  volume =	 24,
  number =	 10,
  year =	 1986,
  month =	 oct,
}

@TECHREPORT{Turner96,
  author =	 {T. Chaney and J. Fingerhut and M. Flucke and
                  J. Turner},
  title =	 {Design of a gigabit {ATM} switch},
  number =	 {{WUCS}-96-07},
  institution =	 {Washington University},
  address =	 {St. Louis, MO},
  month =	 feb,
  year =	 1996,
}

@MISC{UNI-3.1,
  author =	 {{ATM} {Forum}},
  title =	 {{ATM} User-Network Interface Specification. Version
                  3.1},
  note =	 {{ATM} {Forum} document},
  year =	 1994,
  month =	 sep,
}


@MISC{UUNet,
  title =	 {UUNet North American Backbone Topology},
  note =	 {http://www.uunet.com/},
  year =	 1999,
}

@Misc{nanog,
  OPTkey = 	 {},
  author = 	 {{North American Network Operators' Group}},
  title = 	 {{NANOG} mailing list},
  howpublished = {\url{http://www.nanog.org/mailinglist.html}},
  OPTmonth = 	 {},
  year = 	 {1999,2000},
  OPTnote = 	 {},
  OPTannote = 	 {}
}

@ARTICLE{VC_2,
  author =	 "N. Figueira and J. Pasquale",
  title =	 {An upper bound on delay for the virtual clock
                  service discipline},
  journal =	 {{IEEE/ACM} Transactions on Networking},
  volume =	 3,
  number =	 4,
  year =	 1995,
  month =	 aug,
  pages =	 "399-408",
}

@INPROCEEDINGS{Van-TCP,
  author =	 "V. Jacobson",
  title =	 "Congestion Avoidance and Control",
  booktitle =	 {Proceedings of {ACM} {SIGCOMM}'88},
  month =	 aug,
  year =	 1988,
  address =	 "Stanford, CA",
  pages =	 "314-329",
}

@INPROCEEDINGS{Vin98,
  author =	 {P. Goyal and H. Vin},
  title =	 {Statistical delay guarantee of virtual clock},
  booktitle =	 {Proceedings of IEEE Real-Time Systems Symposium},
  year =	 1998,
  month =	 Dec
}

@inproceedings{ WEBTP00,
  author =	 "R. Gupta and M. Chen and S. Mc{C}anne and
                  J. Walrand",
  title =	 "A receiver-driven transport protocol for the Web",
  booktitle =	 "{Proceedings of INFORMS '00}",
  year =	 "2000",
  month =	 nov,
  address =	 "San Antonio, TX",
}

@inproceedings{ WTCP99,
  author =	 "P. Sinha and N. Venkitaraman and R. Sivakumar and
                  V. Bharghavan",
  title =	 "{WTCP}: A Reliable Transport Protocol for Wireless
                  Wide-Area Networks",
  booktitle =	 "{Proceedings of ACM MOBICOM '99}",
  year =	 "1999",
  month =	 aug,
  address =	 "Seattle, WA",
}

@ARTICLE{WTSW97,
  author =	 {W. Willinger and M. Taqqu and R. Sherman and
                  D. Wilson},
  title =	 {Self-Similarity through High-Variability:
                  Statistical Analyisis of {Ethernet LAN} traffic at
                  the source level},
  journal =	 {IEEE/ACM Transactions on Networking},
  volume =	 5,
  number =	 1,
  pages =	 "71-86",
  year =	 1997,
  month =	 feb,
}

@ARTICLE{Weiss95,
  author =	 {A. Weiss},
  title =	 {An Introduction to Large Deviations for
                  Communication Networks},
  journal =	 {IEEE Journal on Selected Areas in Communications},
  volume =	 13,
  number =	 6,
  month =	 Aug,
  year =	 1995,
  pages =	 "938-952",
}

@INPROCEEDINGS{WiTaShWi95,
  author =	 {W. Willinger and M. Taqqu and R. Sherman and
                  D. Wilson},
  title =	 {Self-Similarity through High-Variability:
                  Statistical Analyisis of {Ethernet LAN} traffic at
                  the source level},
  booktitle =	 {Proceedings of {ACM} {SIGCOMM}'95},
  month =	 aug,
  year =	 1995,
  pages =	 "100-113",
  address =	 {Cambridge, MA},
}

@INPROCEEDINGS{WreLie96,
  author =	 {D. Wrege and J. Liebeherr},
  title =	 {Video trafic characterization for multimedia
                  networks with a deterministic service},
  booktitle =	 {Proceedings of IEEE INFOCOM '96},
  year =	 1996,
  month =	 mar,
  address =	 {San Francisco, CA},
  pages =	 "537-544",
}

@ARTICLE{WuKni00,
  author =	 {T. Wu and E. Knightly},
  title =	 {Enforceable and Efficient Service Provisioning},
  journal =	 {Computer Communications Journal: Special Issue on
                  Multimedia Communications over the Internet},
  year =	 2000,
  volume =	 23,
  number =	 "14-15",
  pages =	 "1377-1388",
  month =	 aug,
}

@INPROCEEDINGS{WuKni99,
  author =	 {T. Wu and E. Knightly},
  title =	 {Buffering vs. Smoothing for End-to-End {QoS}:
                  Fundamental Issues and Comparison},
  booktitle =	 {Proceedings of Performance '99},
  year =	 1999,
  month =	 oct,
  address =	 {Istanbul, Turkey},
}

@INPROCEEDINGS{YinHlu91,
  author =	 {N. Yin and M. G. Hluchyi},
  title =	 {A Dynamic Rate Control Mechanism for Integrated
                  Networks},
  booktitle =	 {Proceedings of IEEE {INFOCOM'91}},
  year =	 1991,
}

@INPROCEEDINGS{ZDGH00,
  author =	 {Z. Zhang and Z. Duan and L. Gao and Y. Hou},
  title =	 {Decoupling {QoS} control from core routers: a novel
                  bandwidth broker architecture for scalable support
                  of guaranteed services},
  booktitle =	 {Proceedings of ACM SIGCOMM '00},
  year =	 2000,
  month =	 aug,
  address =	 "Stockholm, Sweden",
}

@Misc{ZDH00,
  author =	 {Z. Zhang and Z. Duan and Y. Hou},
  title =	 {Virtual time reference system: A unifying scheduling
                  framework for scalable support of guaranteed
                  services},
  Note =	 "To appear in \emph{IEEE Journal on Selected Areas in
                  Communications}",
}

@ARTICLE{ZKST97,
  author =	 {Z. Zhang and J. Kurose and J. Salehi and D. Towsley},
  title =	 {Smoothing, statistical multiplexing, and call
                  admission control for stored video},
  journal =	 {IEEE Journal on Selected Areas in Communications},
  volume =	 15,
  number =	 6,
  pages =	 "1148-66",
  month =	 aug,
  year =	 1997,
}

@Misc{ZYV00,
  author =	 {K. Zhu and Y. Zhuang and Y. Viniotis},
  title =	 {Achieving end-to-end delay bounds by {EDF}
                  scheduling without traffic shaping},
  Note =	 "Preprint",
}

@ARTICLE{ZhToKu95,
  author =	 {Z. Zhang and D. Towsley and J. Kurose},
  title =	 {Statistical Analysis of Generalized Processor
                  Sharing Scheduling Discipline},
  journal =	 {IEEE Journal on Selected Areas in Communications},
  year =	 1995,
  month =	 aug,
  volume =	 13,
  number =	 6,
  pages =	 "368-379",
}

@ARTICLE{ZhaHui98,
  author =	 {J. Zhang and J. Hui},
  title =	 {Applying traffic smoothing techniques for quality of
                  service control in {VBR} video transmissions},
  journal =	 {Computer Communications},
  volume =	 21,
  number =	 4,
  pages =	 "375-89",
  month =	 apr,
  year =	 1998,
}

@INPROCEEDINGS{ZhaKni94,
  author =	 {H. Zhang and E. Knightly},
  title =	 {Providing End-to-End Statistical Performance
                  Guarantees with Bounding Interval Dependent
                  Stochastic Models},
  booktitle =	 {Proceedings of {ACM} {SIGMETRICS} '94},
  year =	 1994,
  month =	 may,
  pages =	 "211-220",
  address =	 {Nashville, TN},
}

@INPROCEEDINGS{ZhaKni95,
  author =	 {H. Zhang and E. Knightly},
  title =	 {A New Approach to Support {VBR} Video in
                  Packet-Switching Networks},
  booktitle =	 {Proceedings of IEEE NOSSDAV '95},
  year =	 1995,
  month =	 apr,
  address =	 {Durham, NH},
  pages =	 "275-286",
}

@ARTICLE{ZhaKni97,
  author =	 {H. Zhang and E. Knightly},
  title =	 {{RED-VBR}: A Renegotiation-Based Approach to Support
                  Delay-Sensitive {VBR} Video},
  journal =	 {ACM Multimedia Systems Journal},
  year =	 1997,
  volume =	 5,
  number =	 3,
  month =	 may,
  pages =	 "164-176",
}

@ARTICLE{Zhang95,
  author =	 "H. Zhang",
  title =	 {Service Disciplines For Guaranteed Performance
                  Service in Packet-Switching Networks},
  journal =	 {Proceedings of the IEEE},
  volume =	 83,
  number =	 10,
  pages =	 "1374-1399",
  year =	 1995,
  month =	 oct,
}

@Unpublished{accelia:cdn,
  author =	 {Accelia},
  title =	 {{DuraSite {CDN}}},
  note =	 {http://www.accelia.net},
  OPTkey =	 {},
  OPTmonth =	 {},
  OPTyear =	 {2006},
  OPTannote =	 {}
}


@InProceedings{mao:client-ldns,
  author = 	 {Z. M. Mao and C. Cranor and F. Douglis and M. Rabinovich and O. Spatscheck and J. Wang},
  title = 	 {A precise and efficient evaluation of the proximity between web clients and their local {DNS} servers},
  booktitle = 	 {Proceedings of USENIX '02},
  OPTcrossref =  {},
  OPTkey = 	 {},
  OPTpages = 	 {},
  year = 	 {2002},
  OPTeditor = 	 {},
  OPTvolume = 	 {},
  OPTnumber = 	 {},
  OPTseries = 	 {},
  address = 	 {Monterrey, CA},
  month = 	 {June},
  OPTorganization = {},
  OPTpublisher = {},
  OPTnote = 	 {},
  OPTannote = 	 {}
}

@ARTICLE{ak-ieee,
  author =	 {J. Dilley and B. Maggs and J. Parikh and H. Prokop and R.
                  Sitaraman },
  title =	 { Globally distributed content delivery},
  journal =	 {{IEEE} Internet Computing },
  volume =	 6,
  number =	 5,
  year =	 2002,
  pages =	 "50-58",
}

@Misc{ak-opt-route,
  author =	 { C. Bornstein and T. Canfield and G.
                  Miller and S. Rao},
  title =	 { Optimal route selection in a content delivery
                  network},
  Note =	 "US Patent Application 20020163882",
}

@Misc{ak-orig-pat,
  author =	 {F. Leighton and Daniel Lewin},
  title =	 { Global hosting system },
  Note =	 "US Patent No. 6,108,703",
}

@MISC{ akainfo,
  author =	 "P. Gilmore",
  title =	 {{OAR}tech},
  note =
                  "\url{http://www.osc.edu/oarnet/oartech/presents/oarnet/11apr2001.ppt}",
  year =	 2001,
  month =	 April,
}

@misc{akamai04dns,
  author =	 "{Network World}",
  title =	 "Akamai attack underscores {DNS} risks",
  note =	 "June 28,
                  2004,\,\,http://www.networkworld. com/news/2004/062804akamaifolo.html",
}

@misc{akamai04target,
  author =	 "{Info World}",
  title =	 "Akamai says attack targeted speific customers",
  note =	 "June 16,
                  2004,\,http://www.infoworld. com/article/04/06/16/HNakamai\_1.html",
}

@Unpublished{akamai:cdn,
  author =	 {Akamai},
  title =	 {Akamai {CDN}},
  note =	 {\url{http://www.akamai.com}},
  OPTkey =	 {},
  OPTmonth =	 {},
  OPTyear =	 {},
  OPTannote =	 {}
}

@misc{ akamaiforfree,
  title =	 "Akamai and Loral Cyberstar Alliance",
  note =
                  "\url{http://www.akamai.com/en/html/about/press/press123.html}",
}

@MISC{ akarouting,
  author =	 "C. Bornstein and T. Canfield and G. Miller",
  title =	 {Overlay Routing Networks ({A}karouting)},
  note =
                  "\url{http://www-math.mit.edu/steng/18.996/lecture9.ps}",
  year =	 2002,
  month =	 April,
}

@INPROCEEDINGS{alikam94,
  author =	 {M. Ali and F. Kamoun},
  title =	 {A new approach in the transient analysis of {ATM}
                  multiplexers with bursty sources},
  booktitle =	 {Proceedings of IEEE {GLOBECOM'94}},
  year =	 1994,
  month =	 nov,
  address =	 {San Francisco, CA},
  pages =	 "1060-1064",
}

@inproceedings{allpax99path,
  author =	 "M. Allman and V. Paxson",
  title =	 "On Estimating End-to-end Network Path Properties",
  booktitle =	 "{Proceedings of ACM SIGCOMM '99}",
  year =	 "1999",
  month =	 sep,
  address =	 "Vancouver, British Columbia",
}

@INPROCEEDINGS{altq,
  author =	 "K. Cho",
  title =	 {A Framework for Alternate Queueing: Towards Traffic
                  Management by {PC-UNIX} Based Routers},
  booktitle =	 usenix-atc,
  address =	 "New Orleans, LA",
  month =	 jun,
  year =	 1998,
}

@INPROCEEDINGS{an2,
  author =	 {T. Anderson and S. Owicki and J.
                   Saxe and C. Thacker},
  title =	 "High Speed Switch Scheduling for Local Area
                  Networks",
  booktitle =	 "Proceedings of the Fifth International Conference on
                  Architectural Support for Programming Languages and
                  Operating Systems",
  month =	 oct,
  year =	 1992,
  address =	 {Boston, MA},
}


@INPROCEEDINGS{andrews2000.a,
  author =	 "M. Andrews",
  title =	 {Probabilistic end-to-end delay bounds for earliest
                  deadline first scheduling},
  booktitle =	 {Proceedings of IEEE INFOCOM '00},
  address =	 "Tel Aviv, Israel",
  month =	 mar,
  year =	 2000,
}

@MISC{apache,
  title =	 {{T}he {A}pache {S}oftware {F}oundation},
  note =	 "http://www.apache.org/",
}

@inproceedings{aqm03sigcomm,
  author =	 "L. Le and J. Aikat and K. Jeffay and F. Smith",
  title =	 "The Effects of Active Queue Management on Web
                  Performance",
  booktitle =	 "Proceedings of ACM SIGCOMM '03",
  year =	 "2003",
  month =	 aug,
  address =	 "Karlsruhe, Germany"
}

@INPROCEEDINGS{arpanet-route,
  author =	 {A. Khanna and J. Zinky},
  title =	 {The revised {ARPANET} routing metric},
  booktitle =	 {{ACM} {SIGCOMM}'89},
  year =	 1989,
  pages =	 "45-56",
}

@INPROCEEDINGS{astart04,
  author =	 {R. Wang and G. Pau and K. Yamada and M.Y. Sanadidi
                  and M. Gerla},
  title =	 {{TCP} Start up Performance in Large Bandwidth Delay
                  Networks},
  booktitle =	 {Proceedings of IEEE INFOCOM '04},
  year =	 2004,
  month =	 mar,
  address =	 {Hong Kong, China},
}

@inproceedings{ auth97link,
  author =	 "S. Cheung",
  title =	 "An efficient message authentication scheme for link
                  state routing",
  booktitle =	 {Proceedings of the Annual Computer Security
                  Applications Conference},
  year =	 1997,
  month =	 dec,
  address =	 "San Diego, CA",
}

@article{ avq04ton,
  author =	 "S. Kunniyur and R. Srikant",
  title =	 "Analysis and Design of an Adaptive Virtual Queue
                  ({AQM}) Algorithm for Active Queue Manegement",
  journal =	 "IEEE\slash ACM Transactions on Networking",
  volume =	 "12",
  number =	 "2",
  pages =	 "286--299",
  year =	 "2004",
  month =	 april,
}

@INPROCEEDINGS{baker00sigcomm,
  author =	 {K. Lai and M. Baker},
  title =	 {Measuring Link Bandwidths Using a Deterministic
                  Model of Packet Delay},
  booktitle =	 {Proceedings of ACM SIGCOMM '00},
  year =	 2000,
  month =	 aug,
  address =	 "Stockholm, Sweden",
}

@article{ balak97wirel,
  author =	 "H. Balakrishnan and V. Padmanabhan and S. Seshana
                  and R. Katz",
  title =	 "A Comparison of Mechanisms for Improving {TCP}
                  Performance over Wireless Links",
  journal =	 "IEEE\slash ACM Transactions on Networking",
  volume =	 "5",
  number =	 "6",
  pages =	 "756--769",
  year =	 "1997",
  month =	 dec,
}

@inproceedings{ balak98eln,
  author =	 "H. Balakrishnan and R. Katz",
  title =	 "Explicit Loss Notification and Wireless Web
                  Performance",
  booktitle =	 "Proceedings of IEEE GLOBECOM '98",
  year =	 "1998",
  month =	 nov,
  address =	 "Sydney, Australia"
}

@INPROCEEDINGS{balakrishnan98tcp,
  author =	 "H. Balakrishnan and V. Padmanabhan and S. Seshan and
                  M. Stemm and R. Katz",
  title =	 "{TCP} Behavior of a Busy {I}nternet Server: Analysis
                  and Improvements",
  booktitle =	 {Proceedings of IEEE INFOCOM '98},
  year =	 1998,
  month =	 mar,
  address =	 {San Francisco, CA},
}

@inproceedings{ bansal01sigcomm,
  author =	 "D. Bansal and H. Balakrishnan and S. Floyd and
                  S. Shenker",
  title =	 "Dynamic Behavior of Slowly-Responsive Congestion
                  Control Algorithms",
  booktitle =	 "{Proceedings of ACM SIGCOMM '01}",
  year =	 "2001",
  month =	 aug,
  address =	 "San Diego, CA",
}

@misc{bbc,
  author =	 "{BBC News}",
  title =	 "File swappers fight back",
  note =	 "May 11, 2003,\,http://news.bbc.co.uk/1/hi/technology
                  /3013065.stm",
}

@MISC{bgrp,
  author =	 {P. Pan and E. Hahne and H. Schulzrinne},
  title =	 "{BGRP}: A Framework for Scalable Resource
                  Reservation",
  note =	 "Internet Draft, draft-pan-bgrp-framework-00.txt",
  year =	 2000,
}

@MISC{bi-tcp,
  author =	 {L. Xu and K. Harfoush and I. Rhee},
  title =	 "Binary Increase Congestion Control for Fast
                  Long-Distance Networks",
  note =	 "submitted for publication",
  year =	 2003,
  month =	 jul,
}

@MISC{ blind,
  note =	 "Removed for double blind review."
}

@INPROCEEDINGS{blue1,
  author =	 {W. Feng and D. Kandlur and D. Saha and K. Shin},
  title =	 {{BLUE}: An alternative approach to active queue
                  management},
  booktitle =	 {Proceedings of NOSSDAV '01},
  year =	 2001,
  month =	 jun,
  address =	 {},
}

@INPROCEEDINGS{blue2,
  author =	 {W. Feng and D. Kandlur and D. Saha and K. Shin},
  title =	 {Stochastic Fair {BLUE}: A Queue Management Algorithm
                  for Enforcing Fairness},
  booktitle =	 {Proceedings of IEEE INFOCOM '01},
  year =	 2001,
  month =	 jun,
  address =	 {Anchorage, Alaska},
}

@inproceedings{botz4sale,
  author =	 "S. Kandula and D. Katabi and M. Jacob and A. Burger",
  title =	 "Botz-4-{S}ale: Surviving {DD}o{S} Attacks that Mimic
                  Flash Crowds",
  booktitle =	 "Proceedings of NSDI '05",
  year =	 2005,
  month =	 may,
  address =	 "Boston, MA"
}

@article{ brakmo94tcp,
  author =	 "L. Brakmo and L. Peterson",
  title =	 "{TCP} {V}egas: End to End Congestion Avoidance on a
                  Global {I}nternet",
  journal =	 "IEEE Journal on Selected Areas in Communications",
  volume =	 "13",
  number =	 "8",
  pages =	 "1465--1480",
  month =	 "Oct.",
  year =	 "1995",
}

@ARTICLE{brown-calq,
  author =	 {R. Brown},
  title =	 {Calendar Queues: A fast {O}(1) Priority Queue
                  Implementation for the Simulation Event Set Problem
                  },
  journal =	 {Communications of the ACM},
  volume =	 31,
  number =	 10,
  month =	 oct,
  year =	 1988,
  pages =	 "1220-1227",
}

@inproceedings{buffers04sigcomm,
  author =	 "G. Appenzeller and I. Keslassy and N. Mc{K}eown",
  title =	 "Sizing Router Buffers",
  booktitle =	 "Proceedings of ACM SIGCOMM '04",
  year =	 "2004",
  month =	 sep,
  address =	 "Portland, Oregon"
}





@inproceedings{ cox:netcoord,
  author =       "R. Cox and F. Dabek and F. Kaashoek and J. Li and R. Morris",
  title =        "Practical, Distributed Network Coordinates",
  booktitle =    "{Proceedings of HotNets '03}",
  year =         "2003",
  month =        nov,
  address =      "Cambridge, MA",
}




@inproceedings{ burst04katabi,
  author =	 "S. Sinha and S. Kandula and D. Katabi",
  title =	 "Harnessing {TCP}'s Burstiness with Flowlet
                  Switching",
  booktitle =	 "{Proceedings of HotNets '04}",
  year =	 "2004",
  month =	 nov,
  address =	 "San Diego, CA",
}

@inproceedings{ cache00ind,
  author =	 "N. Spring and D. Wetherall",
  title =	 "A Protocol Independent Technique for Eliminating
                  Redundant Network Traffic",
  booktitle =	 "{Proceedings of ACM SIGCOMM '00}",
  year =	 "2000",
  month =	 aug,
  address =	 "Stockholm, Sweden",
}

@article{ cache04replace,
  author =	 "A. Balamash and M. Krunz",
  title =	 "An Overview of Web Caching Replacement Algorithms",
  journal =	 "IEEE Communications Surveys \& Tutorials",
  volume =	 "6",
  number =	 "2",
  pages =	 "44--56",
  year =	 "2004",
  month =	 apr,
}

@inproceedings{ cache96schwartz,
  author =	 "A. Chankhunthod and P. Danzig and C. Neerdaels and
                  M. Schwartz and K. Worrell",
  title =	 "A Hierarchical {I}nternet Object Cache",
  booktitle =	 usenix-atc,
  year =	 "1996",
  month =	 jan,
  address =	 "San Diego, CA"
}

@inproceedings{ cache97australia,
  author =	 "D. Povey and J. Harrison",
  title =	 "Distributed {I}nternet Caches",
  booktitle =	 "Proceedings of the 20th Australian Computer Science
                  Conference",
  year =	 "1997",
  month =	 feb,
  address =	 "Sydney, Australia"
}

@misc{ cache98privacy,
  author =	 "R. Tewksbury",
  title =	 "Is the {I}nternet Heading for a Cache Crunch?",
  note =	 "Jan., 1998,\,\,http://www.isoc.org/oti/print
                  versions/0198prtewks.html",
}

@inproceedings{ cache98sigcomm,
  author =	 "L. Fan and P. Cao and J. Almeida and A. Broder",
  title =	 "Summary cache: {A} Scalable wide-area Web cache
                  sharing protocol",
  booktitle =	 {Proceedings of ACM SIGCOMM '98},
  year =	 1998,
  month =	 sep,
  address =	 "Vancouver, British Columbia",
}

%
%
%   SMOOTHING/PHASE
%
%
%
@inproceedings{ cache99icdcs,
  author =	 "R. Tewari and M. Dahlin and H. Vin and J. Kay",
  title =	 "Beyond Hierarchies: Design Considerations for
                  Distributed Caching on the {I}nternet",
  booktitle =	 "Proceedings of ICDCS",
  year =	 "1999",
  month =	 jun,
  address =	 "Austin, TX"
}

@inproceedings{ cache99sosp,
  author =	 "A. Wolman and G. Voelker and N. Sharma and
                  N. Cardwell and A. Karlin and H. Levy",
  title =	 "On the Scale and Performance of Cooperative Web
                  Proxy Caching",
  booktitle =	 sosp,
  year =	 "1999",
  month =	 dec,
  address =	 "Kiawah Island, South Carolina",
}




@InProceedings{costa:pic,
  author =       {M. Costa and M. Castro and A. Rowstron and P. Key},
  title =        {{PIC:} {P}ractical {Internet} Coordiantes for distance estimation},
  booktitle =    {Proceedings of ICDCS '04},
  year =         2004,
  month =        mar,
 address =      {Tokyo, Japan},
}



@InProceedings{andersen:ron,
  author =       {D. Andersen and H. Balakrishnan and F.
                  Kaashoek and R. Morris},
  title =        {Resilient Overlay Networks},
  booktitle =    {Proceedings of SOSP '01},
  year =         2001,
  address =      {Banff, Canada},
  month =        oct,
}



@INPROCEEDINGS{cardwell00latency,
  author =	 {N. Cardwell and S. Savage and T. Anderson},
  title =	 {Modeling {TCP} Latency},
  booktitle =	 {Proceedings of IEEE INFOCOM '00},
  year =	 2000,
  month =	 mar,
  address =	 {Tel Aviv, Israel},
}

@misc{cert96ping,
  author =	 "{CERT Advisory CA-1996-26}",
  title =	 "Denial-of-Service Attack via Ping",
  note =	 "December 18, 1996,
                  http://www.cert.org/advisories/CA-1996-26.html",
}

@InProceedings{cisco01icnp,
  author =	 "F. Ertemalp and D. Chiriton and A. Bechtolsheim",
  title =	 "Using Dynamic Buffer Limiting to Protect Against
                  Belligerent Flows in High-speed Networks",
  booktitle =	 "Proceedings of IEEE ICNP '01",
  address =	 "Riverside, CA",
  year =	 "2001",
  month =	 nov,
}

@article{clark84endtoend,
  author =	 "J. Saltzer and D. Reed and D. Clark",
  title =	 "End-to-End Arguments in System Design",
  journal =	 "ACM Transactions on Computer Systems",
  volume =	 "2",
  number =	 "4",
  pages =	 "195--206",
  year =	 "1984",
  month =	 nov,
}

@inproceedings{ codeen04usenix,
  author =	 "Limin Wang and K. Park and R. Pang and V. Pai and
                  L. Peterson",
  title =	 "Reliability and Security in the CoDeeN Content
                  Distribution Network",
  booktitle =	 usenix-atc,
  year =	 "2004",
  month =	 jun,
  address =	 "Boston, MA"
}

@ARTICLE{comm-internet,
  author =	 {D. Ferrari},
  title =	 {Real-time Communication in an Internetwork},
  journal =	 {Journal of High Speed Networks},
  volume =	 1,
  number =	 1,
  year =	 1992,
  pages =	 "79-103",
}

@INPROCEEDINGS{comparison,
  author =	 {H. Zhang and K. Srinivasan},
  title =	 {Comparison of Rate-based Service Disciplines},
  booktitle =	 {Proceedings of {ACM} {SIGCOMM}'91},
  month =	 sep,
  year =	 1991,
  pages =	 "113-122",
  address =	 {Zurich, Switzerland},
}

@INPROCEEDINGS{crovella01sigcomm,
  author =	 {J. Liu and M. Crovella},
  title =	 {Using Loss Pairs to Discover Network Properties},
  booktitle =	 {Proceedings of IEEE/ACM SIGCOMM Internet Measurement
                  Workshop},
  year =	 {2001},
  month =	 {Nov.},
  address =	 {San Francisco, CA}
}

@article{ crovella96bottleneck,
  author =	 "R. L. Carter and M. E. Crovella",
  title =	 "Measuring Bottleneck Link Speed in Packet-Switched
                  Networks",
  journal =	 "Performence Evaluation",
  volume =	 "27",
  number =	 "28",
  pages =	 "297--318",
  year =	 "1996",
}

@InProceedings{ddos02iwqos,
  author =	 "D. Yau and J. Lui and F. Liang",
  title =	 "Defending Against Distributed Denial-of-service
                  Attacks with Max-min Fair Server-centric Router
                  Throttles",
  booktitle =	 "Proceedings of IWQoS '02",
  address =	 "Miami, FL",
  year =	 "2002",
  month =	 may,
}

@article{ddos04tax,
  author =	 "J. Mirkovic and P. Reihner",
  title =	 "A Taxonomy of {DDoS} attack and {DDoS} Defense
                  Mechanisms",
  journal =	 "ACM Computer Comm. Review",
  volume =	 "34",
  number =	 "2",
  pages =	 "39--53",
  month =	 apr,
  year =	 "2004",
}

%
%
%   GENERAL NETWORKING PAPERS
%
%
@ARTICLE{deVKes95,
  author =	 {G. de Veciana and G. Kesidis},
  title =	 {Bandwidth Allocation for Multiple Qualities of
                  Service using Generalized Processor Sharing},
  journal =	 {IEEE Transactions on Information Theory},
  volume =	 42,
  number =	 1,
  month =	 jan,
  year =	 1995,
  pages =	 "268-272",
}

@PHDTHESIS{deering-thesis,
  author =	 {Stephan E. Deering},
  title =	 {Multicast routing in a datagram internetwork},
  school =	 {Stanford University},
  type =	 "{PhD} Dissertation",
  month =	 dec,
  year =	 1991,
}

@INPROCEEDINGS{det-limits,
  author =	 {E. Knightly and D. Wrege and J. Liebeherr and
                  H. Zhang},
  title =	 {Fundamental Limits and Tradeoffs for Providing
                  Deterministic Guarantees to {VBR} Video Traffic},
  booktitle =	 {Proceedings of {ACM} {SIGMETRICS} '95},
  month =	 may,
  year =	 1995,
  address =	 {Ottawa, Ontario},
  pages =	 "98-107",
}

@ARTICLE{det-limits-ton,
  author =	 {D. Wrege and E. Knightly and H. Zhang and
                  J. Liebeherr},
  title =	 {Deterministic Delay Bounds for {VBR} Video in
                  Packet-Switching Networks: Fundamental Limits and
                  Practical Tradeoffs},
  journal =	 {IEEE/ACM Transactions on Networking},
  volume =	 4,
  number =	 3,
  year =	 1996,
  month =	 jun,
  pages =	 "352-362",
}

@article{ diffie76hellman,
  author =	 "W. Diffie and M. Hellman",
  title =	 "New Directions in Cryptography",
  journal =	 "IEEE Transactions on Information Theory",
  volume =	 "IT",
  number =	 "11",
  pages =	 "644--654",
  year =	 "1976",
  month =	 nov,
}

@MISC{diffserv-rfc,
  author =	 {S. Blake and others},
  title =	 {An Architecture for Differentiated Services},
  note =	 "Internet {RFC} 2475",
  year =	 1998,
}

@MISC{diffserv2,
  author =	 {K. Nichols and V. Jacobson and L. Zhang},
  title =	 {Two-bit Differentiated Services Architecture for the
                  {Internet}},
  note =	 "Internet {RFC} 2638",
  year =	 1999,
}

@MISC{digest92md5,
  author =	 "R. Rivest",
  title =	 "The {MD5} Message-Digest Algorithm",
  note =	 "{I}nternet {RFC} 1321",
  year =	 1992,
  month =	 apr,
}

@Unpublished{digitalisland:cdn,
  author =	 {{SAVVIS}},
  title =	 {Digital Island {CDN}},
  note =	 "\url{http://www.savvis.net}",
  OPTkey =	 {},
  OPTmonth =	 {},
  OPTyear =	 {2006},
  OPTannote =	 {}
}

@InProceedings{diot99iwqos,
  author =	 "M. May and J. Bolot and C. Diot and B. Lyles",
  title =	 "Reasons not to deploy {RED}",
  booktitle =	 "Proceedings of IWQoS '99",
  address =	 "London, UK",
  year =	 "1999",
  month =	 june,
}

@BOOK{disc1,
  author =	 {S. Brookfield and S. Preskill},
  title =	 {Discussion as a Way of Teaching: Tools and
                  Techniques for Democratic Classrooms},
  publisher =	 {Josey-Bass},
  year =	 1999,
}

@BOOK{disc2,
  author =	 {W. Mc{K}eachie},
  title =	 {Teaching Tips},
  publisher =	 {D. C. Heath and Company},
  year =	 1994,
}

@inproceedings{ distil04codes,
  author =	 "C. Karlof and N. Sastry and Y. Li and A. Perrig and
                  J. Tygar",
  title =	 "Distillation Codes and Applications to {DoS}
                  Resistant Multicast Authentication",
  booktitle =	 {Proceedings of NDSS '04},
  year =	 2004,
  month =	 feb,
  address =	 "San Diego, CA",
}

@inproceedings{dns04imc,
  author =	 "J. Pang and J. Hendricks and A. Akella and R. De
                  Prisco and B. Maggs and S. Seshan",
  title =	 "On the Responsiveness of {DNS}-based Network
                  Control",
  booktitle =	 imc,
  year =	 "2004",
  month =	 october,
  address =	 "Taormina, Italy",
}

@inproceedings{dos03sigcomm,
  author =	 "A. Hussain and J. Heidemann and C. Papadopoulos",
  title =	 "A Framework for Classifying Denial of Service
                  Attacks",
  booktitle =	 "Proceedings of ACM SIGCOMM '03",
  year =	 "2003",
  month =	 aug,
  address =	 "Karlsruhe, Germany"
}

@inproceedings{ dos04adhoc,
  author =	 "I. Aad and J.P. Hubaux and E. Knightly",
  title =	 "Denial of Service Resilience in Ad Hoc Networks",
  booktitle =	 "{Proceedings of ACM MOBICOM '04}",
  year =	 "2004",
  month =	 sep,
  address =	 "Philadelphia, PA",
}

@MISC{ dos04p2p,
  author =	 "D. Dumitriu and E. Knightly and I. Stoica and
                  W. Zwaenepoel",
  title =	 "Denial of Service Resilience in Peer-to-Peer File Sharing 
                  Systems",
  note =	 "{Submitted to \emph{OSDI '04}}",
}

@inproceedings{ dos05p2p,
  author =	 "D. Dumitriu and E. Knightly and A. Kuzmanovic and
                  I. Stoica and W. Zwaenepoel",
  title =	 "Denial of Service Resilience in Peer-to-Peer File Sharing 
                  Systems",
  booktitle =	 "{Proceedings of ACM SIGMETRICS '05}",
  year =	 "2005",
  month =	 "June",
  address =	 "Banff, Canada",
}

@INPROCEEDINGS{dovrolis01dispersion,
  author =	 {C. Dovrolis and P. Ramanathan and D. Moore},
  title =	 {What do Packet Dispersion Techniques Measure?},
  booktitle =	 {Proceedings of IEEE INFOCOM '01},
  year =	 2001,
  month =	 apr,
  address =	 {Anchorage, Alaska},
}

@inproceedings{ dovrolis02pathload,
  author =	 "M. Jain and C. Dovrolis",
  title =	 "Pathload: A Measurement Tool for End-to-End
                  Available Bandwidth",
  booktitle =	 "Proceedings of Passive and Active Measurement (PAM)
                  Workshop",
  year =	 "2002",
  month =	 "Mar.",
  address =	 "Fort Collins, CO"
}

@article{dovrolis02rtt,
  author =	 "H. Jiang and C. Dovrolis",
  title =	 "Passive Estimation of {TCP} Round-Trip Times",
  journal =	 "ACM Computer Comm. Review",
  volume =	 "32",
  number =	 "3",
  pages =	 "5--21",
  month =	 jul,
  year =	 "2002",
}

@inproceedings{ dovrolis02sigcomm,
  author =	 "M. Jain and C. Dovrolis",
  title =	 "End-to-end Available Bandwidth: Measurement
                  Methodology, Dynamics, and Relation with {TCP}
                  Throughput",
  booktitle =	 "Proceedings of ACM SIGCOMM '02",
  year =	 "2002",
  month =	 "Aug.",
  address =	 "Pittsburgh, PA"
}

@article{dovrolis04bgp,
  author =	 "O. Nordstrom and C. Dovrolis",
  title =	 "Beware of {BGP} Attacks",
  journal =	 "ACM Computer Comm. Review",
  volume =	 "34",
  number =	 "2",
  pages =	 "1--8",
  month =	 apr,
  year =	 "2004",
}

@inproceedings{downey99pathchar,
  author =	 "A. Downey",
  title =	 "Using Pathchar to Estimate {I}nternet Link
                  Characteristics",
  booktitle =	 "{Proceedings of ACM SIGCOMM '99}",
  year =	 "1999",
  month =	 sep,
  address =	 "Vancouver, British Columbia",
}

@MISC{eap98rfc,
  author =	 "L. Blunk and J. Vollbrecht",
  title =	 "{PPP} Extensible Authentication Protocol ({EAP})",
  note =	 "{I}nternet {RFC} 2284",
  year =	 1998,
  month =	 mar,
}

@misc{east03gangs,
  author =	 "{The Register}",
  title =	 "East {E}uropean gangs in online protection racket",
  note =	 "November 12,
                  2003,\,http://www. theregister.co.uk/2003/11/12/east\_european\_gangs\_in\_online/",
}

@ARTICLE{ebb-trans,
  author =	 {O. Yaron and M. Sidi},
  title =	 {Performance and Stability of Communication Networks
                  via Robust Exponential Bounds},
  journal =	 {{IEEE/ACM} Transactions on Networking},
  volume =	 1,
  number =	 3,
  pages =	 {372-385},
  month =	 jun,
  year =	 1993,
}

@inproceedings{ ecn05sigcomm,
  author =	 "A. Kuzmanovic",
  title =	 "The Power of Explicit Congestion Notification",
  booktitle =	 "Proceedings of ACM SIGCOMM '05",
  year =	 "2005",
  month =	 aug,
  address =	 "Philadelphia, PA"
}

@article{ecn05tr,
  author =	 "A. Kuzmanovic",
  title =	 "The Power of Explicit Congestion Notification
                  (Extended Version)",
  journal =	 "Northwestern University Technical Report",
  year =	 2005,
  month =	 may,
}

@inproceedings{ efficient03routing,
  author =	 "Y. Hu and A. Perrig and D. Johnson",
  title =	 "Efficient Security Mechanisms for Routing Protocols",
  booktitle =	 {Proceedings of NDSS '03},
  year =	 2003,
  month =	 feb,
  address =	 "San Diego, CA",
}

@inproceedings{ ether04million,
  author =	 "A. Myers and T. Ng and H. Zhang",
  title =	 "Rethinking the Service Model: Scaling Ethernet to a
                  Million Nodes",
  booktitle =	 "{Proceedings of HotNets '04}",
  year =	 "2004",
  month =	 nov,
  address =	 "San Diego, CA",
}

@INPROCEEDINGS{fair99infocom,
  author =	 {F. Anjum and L. Tassiulas},
  title =	 {Fair Bandwidth Sharing among Adaptive and
                  Non-adaptive Flows in the {I}nternet},
  booktitle =	 {Proceedings of IEEE INFOCOM '99},
  year =	 1999,
  month =	 mar,
  address =	 {New York, NY},
}

@INPROCEEDINGS{fairness00leboudec,
  author =	 "M. Vojnovic and J.-Y. Le Boudec and C. Boutremans ",
  title =	 {Global Fairness of Additive-increase and
                  Multiplicative-decrease with Heterogeneous
                  Round-trip Times},
  booktitle =	 {Proceedings of IEEE INFOCOM '00},
  address =	 "Tel Aviv, Israel",
  month =	 mar,
  year =	 2000,
}

@INPROCEEDINGS{fast04,
  author =	 {C. Jin and D. Wei and S. Low},
  title =	 {{FAST TCP}: Motivation, Architecture, Algorithms,
                  Performance},
  booktitle =	 {Proceedings of IEEE INFOCOM '04},
  year =	 2004,
  month =	 mar,
  address =	 {Hong Kong, China},
}

@inproceedings{ faststart98,
  author =	 "V. Padmanabhan and R. Katz",
  title =	 "{TCP} {F}ast {S}tart: A Technique for Speeding Up
                  Web Transfers",
  booktitle =	 "Proceedings of IEEE GLOBECOM '98",
  year =	 "1998",
  month =	 nov,
  address =	 "Sydney, Australia"
}

@MISC{fasttcp,
  author =	 {C. Jin and D. Wei and S. H. Low and G. Buhrmaster
                  and J. Bunn and D. H. Choe and R. L. A. Cottrell and
                  J. C. Doyle and W. Feng and O. Martin and H. Newman
                  and F. Paganini and S. Ravot and S. Singh},
  title =	 "{FAST TCP}: From Theory to Experiments",
  note =	 "submitted for publication",
  year =	 2003,
  month =	 apr,
}

@misc{fbi04mafia,
  author =	 "{Security Focus}",
  title =	 "{FBI} busts alleged {DDoS} Mafia",
  note =	 "August 26, 2004,\,\,http://www.securityfocus.com
                  /news/9411",
}

@inproceedings{ feldmann99dynamics,
  author =	 "A. Feldmann and A. Gilbert and P. Huang and
                  W. Willinger",
  title =	 "Dynamics of {IP} Traffic: A Study of the Role of
                  Variability and the Impact of Control",
  booktitle =	 "{Proceedings of ACM SIGCOMM '99}",
  year =	 "1999",
  month =	 sep,
  address =	 "Vancouver, British Columbia",
}

@INPROCEEDINGS{ferrari-jitter,
  author =	 "D. Ferrari",
  title =	 "Design and Applications of a Delay Jitter Control
                  Scheme for Packet-Switching Internetworks",
  booktitle =	 "Proceedings of the Second International Workshop on
                  Network and Operating System Support for Digital
                  Audio and Video",
  publisher =	 {{Springer-Verlag}},
  pages =	 "72-83",
  address =	 {Heidelberg, Germany},
  month =	 nov,
  year =	 1991,
  note =	 "Also in {\em Computer Communications} 15(6):367-373,
                  July-August 1992."
}

@misc{ fiedler:http,
  author =	 {U. Fiedler},
  title =	 "Provisioning Networks for Web Services",
  year =	 2001,
  month =	 dec,
  URL =
                  "http://www.tik.ee.ethz.ch/$\sim$fiedler/provisioning.html",
}

@INPROCEEDINGS{fit,
  author =	 {A. Yaar and A. Perrig and D. Song},
  title =	 {{FIT}: Fast {I}nternet Traceback},
  booktitle =	 {Proceedings of IEEE INFOCOM '05},
  year =	 2005,
  month =	 mar,
  address =	 {Miami, FL},
}

@inproceedings{ flash02crowds,
  author =	 "J. Jung and B. Krishnamurthy and M. Rabinovich",
  title =	 "Flash Crowds and Denial of Service Attacks:
                  Characterization and Implications for {CDN}s and
                  Web Sites",
  booktitle =	 {Proceedings of WWW '02},
  year =	 2002,
  month =	 may,
  address =	 "Honolulu, HI",
}

@article{floyd00comp,
  author =	 "S. Floyd and M. Handley and J. Padhye",
  title =	 "A Comparison of Equation-Based and {AIMD} Congestion
                  Control",
  journal =	 "Technical Report",
  year =	 2000,
  month =	 may,
}

@TechReport{ floyd01ARED,
  author =	 "S. Floyd and R. Gummadi and S. Shenker",
  title =	 "Adaptive {RED}: An Algorithm for Increasing the
                  Robustness of {RED}'s Active Queue Manegement",
  month =	 aug,
  year =	 "2001",
}

@inproceedings{floyd02hotnets,
  author =	 "S. Floyd and E. Kohler",
  title =	 "Internet Research Needs Better Models",
  booktitle =	 "{Proceedings of HOTNETS '02}",
  year =	 "2002",
  month =	 oct,
  address =	 "Princeton, New Jersey",
}

@MISC{floyd02inap,
  author =	 {S. Floyd},
  title =	 "Inappropriate {TCP} Resets Considered Harmful",
  note =	 "{I}nternet {RFC} 3360",
  year =	 2002,
  month =	 aug,
}

@article{floyd92phase,
  author =	 "S. Floyd and V. Jacobson",
  title =	 "On Traffic Phase Effects in Packet-Switched
                  Gateways",
  journal =	 "Internetworking: Research and Experience",
  volume =	 "3",
  number =	 "3",
  pages =	 "115--156",
  month =	 sep,
  year =	 "1992",
}

@article{ floyd93random,
  author =	 "S. Floyd and V. Jacobson",
  title =	 "Random early detection gateways for congestion
                  avoidance",
  journal =	 "IEEE\slash ACM Transactions on Networking",
  volume =	 "1",
  number =	 "4",
  pages =	 "397--413",
  year =	 "1993",
}

@article{ floyd94tcp,
  author =	 "S. Floyd",
  title =	 "{TCP} and Explicit Congestion Notification",
  journal =	 "ACM Computer Comm. Review",
  volume =	 "24",
  number =	 "5",
  pages =	 "10--23",
  year =	 "1994",
}

@article{ floyd95link,
  author =	 "S. Floyd and V. Jacobson",
  title =	 "Link-sharing and Resource Management Models for
                  Packet Networks",
  journal =	 "IEEE\slash ACM Transactions on Networking",
  volume =	 "3",
  number =	 "4",
  pages =	 "365--386",
  year =	 "1995",
  month =	 "Aug.",
}

@article{floyd96comparison,
  author =	 "K. Fall and S. Floyd",
  title =	 "Simulation-based Comparison of {T}ahoe, {R}eno and
                  {SACK} {TCP}",
  journal =	 "ACM Computer Comm. Review",
  volume =	 "5",
  number =	 "3",
  pages =	 "5--21",
  month =	 jul,
  year =	 "1996",
}

@article{floyd97pb,
  author =	 "S. Floyd",
  title =	 "{RED}: Discussions of {B}yte and Packet Modes",
  journal =	 "http://www.icir.org/floyd/REDaveraging.txt",
  month =	 "Mar.",
  year =	 "1997",
}

@article{ floyd98cache,
  author =	 "S. Michel and K. Nguyen and A. Rosenstein and
                  L. Zhang and S. Floyd and V. Jackobson",
  title =	 "Adaptive Web Caching: Towards a New Global Caching
                  Architecture",
  journal =	 "Computer Networks and {ISDN} Systems",
  volume =	 "30",
  number =	 "22--23",
  year =	 "1998",
  month =	 nov,
}

@MISC{floyd98ecn,
  author =	 "S. Floyd",
  title =	 {Implementing {ECN} in {TCP}},
  year =	 "1998",
  note =	 "http://www.icir.org/floyd/ECN-TCP.txt",
}

@ARTICLE{fore,
  author =	 {E. Biagioni and E. Cooper and R. Sansom},
  title =	 {Designing a Practical {ATM} {LAN}},
  journal =	 {IEEE Network},
  month =	 mar,
  year =	 1993,
  pages =	 "32-39",
}

@MANUAL{foreman,
  author =	 {Fore Systems, Inc},
  title =	 {ForeRunner {ASX-200 ATM} Switch User's Manual},
  address =	 {Warrendale, PA},
  month =	 sep,
  year =	 1994,
}

@inproceedings{ graphic03ccs,
  author =	 "W. Morein and A. Stavrou and D. Cook and
                  A. Keromytis and V. Misra and D. Rubenstein",
  title =	 "Using Graphic Turing Tests to Counter Automated DDoS
                  Attacks Against Web Servers",
  booktitle =	 "Proceedings of Int'l Conference on Computer and
                  Communications Security",
  year =	 "2003",
  month =	 oct,
  address =	 "Washington, DC"
}

@inproceedings{greed02osdi,
  author =	 "S. Saroiu and K. Gummadi and R. Dunn and S. Gribble
                  and H. Levy",
  title =	 "An Analysis of {I}nternet Content Delivery Systems",
  booktitle =	 {Proceedings of OSDI '02},
  year =	 "2002",
  month =	 dec,
  address =	 "Boston, MA",
}

@inproceedings{ greedy00dual,
  author =	 "S. Jin and A. Bestavros",
  title =	 "Popularity-Aware Greedy-dual Size Web Proxy
                  Caching Algorithms",
  booktitle =	 "Proceedings of ICDCS",
  year =	 "2000",
  month =	 may,
  address =	 "Taipei, Taiwan"
}

@inproceedings{ gummadi02king,
  author =	 "K. Gummadi and S. Saroiu and S. Gribble",
  title =	 "{K}ing: Estimating Latency between Arbitrary
                  {I}nternet End Hosts",
  booktitle =	 "{Proceedings of Internet Measurement Workshop
                  (IMW)}",
  year =	 2002,
  month =	 nov,
  address =	 "Marseille, France",
}

@InProceedings{gummadi:1hop04,
  author =	 {K. Gummadi and H. Madhyastha and S. Gribble and
                  H. Levy and D. Wetherall},
  title =	 {Improving the Reliability of {I}nternet Paths with
                  One-hop Source Routing},
  booktitle =	 {Proceedings of OSDI '04},
  year =	 {2004},
  address =	 {San Francisco, CA},
  month =	 {December},
  OPTorganization ={},
  OPTpublisher = {},
  OPTnote =	 {},
  OPTannote =	 {}
}

@article{ guy98fawkes,
  author =	 "R. Anderson and F. Bergadano and B. Crispo and
                  J. Lee and C. Manifavas and R. Needham",
  title =	 "A New Family of Authentication Protocols",
  journal =	 "Operating Systems Review",
  volume =	 "32",
  number =	 "4",
  pages =	 "9--20",
  year =	 "1998",
  month =	 oct,
}

@MISC{h-tcp,
  author =	 {R. N. Shorten and D. J. Leith and J. Foy and
                  R. Kilduff},
  title =	 "Analysis and Design of Congestion Control in
                  Synchronized Communication Networks",
  note =	 "submitted for publication",
  year =	 2003,
  month =	 jun,
}

@inproceedings{hacker:TCPsim,
  author =	 {T. Hacker and B. Noble and B. Athey},
  title =	 {The effects of systemic packet loss on aggregate
                  {TCP} flows},
  booktitle =	 {Supercomputing '02},
  year =	 {2002},
  month =	 feb,
  address =	 {Los Alamitos, CA},
}

@INPROCEEDINGS{hacker:endtoend,
  author =	 "T. Hacker and B. Athey and B. Noble",
  title =	 "The End-to-End Performance Effects of Parallel {TCP}
                  Sockets on a Lossy Wide-Area Network",
  booktitle =	 {Proceedings of IPDPS '02},
  year =	 2002,
  month =	 apr,
  address =	 {Fort Lauderdale, FL},
}

@inproceedings{ hall03effect,
  author =	 "J. Hall and I. Pratt and A. Moore",
  title =	 "The Effect of Early Packet Loss on Web Page
                  Download Times",
  booktitle =	 "Proceedings of Passive and Active Measurement (PAM)
                  Workshop",
  year =	 "2003",
  month =	 apr,
  address =	 "La Jolla, CA"
}

@ARTICLE{hashida-sbbp,
  AUTHOR =	 "Hashida, O. and Takahashi, Y. and Shimogawa, S.",
  TITLE =	 "Switched batch {Bernoulli} process {(SBBP)} and the
                  discrete-time {SBBP/G/1} queue with application to
                  statistical multiplexer performance",
  journal =	 {IEEE Journal on Selected Areas in Communications},
  MONTH =	 apr,
  YEAR =	 1991,
  VOLUME =	 9,
  NUMBER =	 3,
  PAGES =	 "394-401",
}

@INPROCEEDINGS{hbind,
  author =	 {E. Knightly},
  title =	 {{H-BIND}: A New Approach to Providing Statistical
                  Performance Guarantees to {VBR} Traffic},
  booktitle =	 {Proceedings of IEEE INFOCOM '96},
  year =	 1996,
  month =	 mar,
  address =	 {San Francisco, CA},
  pages =	 "1091-1099",
}

@INPROCEEDINGS{hbind2,
  author =	 {E. Knightly},
  title =	 {{H-BIND}: A New Approach to Providing Statistical
                  Performance Guarantees to {VBR} Traffic},
  booktitle =	 {Proceedings of IEEE INFOCOM '96},
  year =	 1996,
  month =	 mar,
  address =	 {San Francisco, CA},
  pages =	 "1091-1099",
  note =	 "Extended version in ICSI Technical Report 95-035,
                  Berkeley, CA, July 1995."
}

#    editor = {J. Walrand, K. Bagchi and G. Zobrist},
@inproceedings{ headers01sigmetrics,
  author =	 "F. Smith and F. Campos and K. Jeffay and D. Ott ",
  title =	 "What {TCP/IP} Protocol Headers Can Tell us about the
                  Web",
  booktitle =	 {Proceedings of ACM SIGMETRICS '01},
  month =	 jun,
  year =	 {2001},
  address =	 {Cambridge, MA},
}

@article{ heidemann97model,
  author =	 "J. Heidemann and K. Obraczka and J. Touch",
  title =	 "Modeling the performance of {HTTP} over several
                  transport protocols",
  journal =	 "IEEE\slash ACM Transactions on Networking",
  volume =	 "5",
  number =	 "5",
  pages =	 "616--630",
  year =	 "1997",
  month =	 oct,
}

@BOOK{hertz,
  author =	 {J. Hertz and A. Krogh and R. Palmer },
  title =	 {Introduction to the Theory of Neural Computation},
  publisher =	 {Addison-Wesley Publishing Company},
  year =	 1991,
}

@MISC{hip05rfc,
  author =	 "R. Moskowitz and P. Nikander and P. Jokela and
                  T. Henderson",
  title =	 "Host Identity Protocol",
  note =	 "{I}nternet Draft",
  year =	 2005,
  month =	 feb,
}

@inproceedings{hoe96newreno,
  author =	 "J. Hoe",
  title =	 "Improving the Start-up Behavior of a Congestion
                  Control Scheme for {TCP}",
  booktitle =	 "{Proceedings of ACM SIGCOMM '96}",
  year =	 "1996",
  month =	 aug,
  address =	 "Stanford University, CA",
}

@inproceedings{hstcp-lp,
  author =	 "A. Kuzmanovic and E. Knightly and R. L. Cottrell",
  title =	 "{HSTCP-LP}: A Protocol for Low-Priority Data
                  Transfer in High-Speed High-{RTT} Networks",
  booktitle =	 "{Proceedings of PFLDnet '04}",
  year =	 "2004",
  month =	 feb,
  address =	 "Argonne, IL",
}

@MISC{http1.0rfc,
  author =	 "T. Berners-Lee and R. Fielding and H. Frystyk",
  title =	 "Hypertext Transfer Protocol - {HTTP}/1.0",
  note =	 "{I}nternet {RFC} 1945",
  year =	 1996,
  month =	 may,
}

@MISC{http1.1rfc,
  author =	 "R. Fielding and J. Gettys and J. Mogul and
                  H. Frystyk and L. Masinter and P. Leach and
                  T. Berners-Lee",
  title =	 "Hypertext Transfer Protocol - {HTTP}/1.1",
  note =	 "{I}nternet {RFC} 2616",
  year =	 1999,
  month =	 jun,
}

@article{http95latency,
  author =	 "V. Padmanabhan and J. Mogul",
  title =	 "Improving {HTTP} Latency",
  journal =	 "Computer Networks and {ISDN} Systems",
  volume =	 "28",
  number =	 "1--2",
  pages =	 "25--35",
  month =	 dec,
  year =	 "1995",
}

@inproceedings{ http97sigcomm,
  author =	 "H. Nielsen and J. Gettys and A. Baird-Smith and
                  E. Prud'hommeaux and H. Lie and C. Lilley",
  title =	 "Network Performance Effects on {HTTP}/1.1, {CSS}1,
                  and {PNG}",
  booktitle =	 "{Proceedings of ACM SIGCOMM '97}",
  year =	 1997,
  month =	 sep,
  address =	 "Cannes, France",
}

@MISC{ike98rfc,
  author =	 "D. Harkins and D. Carrel",
  title =	 "The {I}nternet Key Exchange ({IKE})",
  note =	 "{I}nternet {RFC} 2409",
  year =	 1998,
  month =	 nov,
}

@MISC{ingress00filter,
  author =	 "P. Ferguson and D. Senie",
  title =	 "Network Ingress Filtering: Defeating
                  Denial-of-Service Attacks which Employ {IP} Source
                  Address Spoofing",
  note =	 "{I}nternet {RFC} 2827",
  year =	 2000,
  month =	 may,
}

@MISC{ingress98filter,
  author =	 "P. Ferguson and D. Senie",
  title =	 "Network Ingress Filtering: Defeating Denial of
                  Service Attacks which employ {IP} Source Address
                  Spoofing",
  note =	 "{I}nternet {RFC} 2267",
  year =	 1998,
  month =	 jan,
}

@ARTICLE{internet-audio,
  title =	 {First {IETF} Internet Audiocast},
  journal =	 {{ACM} Computer Comm. Review},
  volume =	 22,
  pages =	 "92-97",
  month =	 jul,
  year =	 1992,
  author =	 {S. Casner and S. Deering},
}

@MISC{ip,
  author =	 {J. Postel},
  title =	 "Internet Protocol",
  note =	 "{RFC} 791",
  month =	 sep,
  year =	 1981,
}

@MISC{ip81rfc,
  author =	 "J. Postel",
  title =	 "{I}nternet Protocol {IP}",
  note =	 "{I}nternet {RFC} 791",
  year =	 1981,
  month =	 sep,
}

@MISC{ip98sec,
  author =	 "S. Kent and R. Atkinson",
  title =	 "Security Architecture for the {I}nternet Protocol",
  note =	 "{I}nternet {RFC} 2401",
  year =	 1998,
  month =	 nov,
}

@MISC{ipsec01nat,
  author =	 {B. Adoba},
  title =	 "{IP}sec-{NAT} Compatibility Requirements",
  note =	 "{IETF} {I}nternet draft",
  year =	 2001,
  month =	 may,
}

@article{ iptraceback01ton,
  author =	 "S. Savage and D. Wetherall and T. Anderson",
  title =	 "Network Support for {IP} Traceback",
  journal =	 "IEEE\slash ACM Transactions on Networking",
  volume =	 "9",
  number =	 "3",
  pages =	 "226--237",
  year =	 "2001",
  month =	 jun,
}

@article{ iptraceback02ton,
  author =	 "A. Snoeren and C. Partridge and L. Sanchez and
                  C. Jones and F. Tchakountio and B. Schwartz and
                  S. Kent and W. Strayer",
  title =	 "Single-Packet {IP} Traceback",
  journal =	 "IEEE\slash ACM Transactions on Networking",
  volume =	 "10",
  number =	 "6",
  pages =	 "721--734",
  year =	 "2002",
  month =	 dec,
}

@misc{isi:ns2,
  author =	 "{V}{I}{N}{T} Project",
  title =	 {The Network Simulator - ns-2},
  URL =		 "http://www.isi.edu/nsnam/ns/",
}

@ARTICLE{jackson1962,
  author =	 {J. Jackson},
  title =	 {Waiting time distributions for queues with dynamic
                  priorities},
  journal =	 {Nav. Res. Quart.},
  volume =	 19,
  month =	 Mar,
  year =	 1962,
}

@article{jacobson88tcp,
  author =	 "V. Jacobson",
  title =	 "Congestion Avoidance and Control",
  journal =	 "ACM Computer Comm. Review",
  volume =	 "18",
  number =	 "4",
  pages =	 "314--329",
  month =	 "Aug.",
  year =	 "1988",
}

@MISC{jacobson90reno,
  author =	 {V. Jacobson},
  title =	 {Modified {TCP} Congestion Avoidance Algorithm},
  note =	 "Technical Report",
  month =	 apr,
  year =	 1990,
}

@BOOK{jain-perf,
  author =	 {R. Jain},
  title =	 {The Art of Computer System Performance Analysis},
  publisher =	 {John Wiley and Sons, Inc.},
  year =	 1991,
}

@article{ jain89delay,
  author =	 "R. Jain",
  title =	 "A Delay Based Approach for Congestion Avoidance in
                  Interconnected Heterogeneous Computer Networks",
  journal =	 "ACM Computer Comm. Review",
  volume =	 "19",
  number =	 "5",
  pages =	 "56--71",
  month =	 "Oct.",
  year =	 "1989",
}

@article{jain90ecn,
  author =	 "K. Ramakrishnan and R. Jain",
  title =	 "A Binary Feedback Scheme for Congestion Avoidance in
                  Computer Networks",
  journal =	 "ACM Transactions on Computer Systems",
  volume =	 "8",
  number =	 "2",
  pages =	 "158--181",
  year =	 "1990",
  month =	 may,
}

%
%
%   Neural Network Papers
%
%
%
@inproceedings{johnson:measuredcdn,
  author =	 "K. Johnson and J. Carr and M. Day and M. Kaashoek",
  title =	 "The measured performance of content distribution
                  networks",
  booktitle =	 wcw,
  year =	 2000,
  month =	 may,
  address =	 "Lisbon, Portugal",
}

@article{ jon-eliminating,
  author =	 "Z. Wang and J. Crowcroft",
  title =	 "Eliminating Periodic Packet Losses in the 4.3-{Tahoe
                  BSD TCP} Congestion Control Algorithm",
  journal =	 "ACM Computer Comm. Review",
  volume =	 "22",
  number =	 "2",
  pages =	 "9--16",
  month =	 "Apr.",
  year =	 "1992",
}

@InProceedings{jorg2000.a,
  author =	 "R. Boorstyn and A. Burchard and J. Liebeherr and
                  C. Oottamakorn",
  title =	 "Tradeoffs in networks with end-to-end statistical
                  {QoS} guarantees",
  booktitle =	 "Proceedings of IWQoS '00",
  month =	 Jun,
  year =	 "2000",
  location =	 "Pittsburgh, PA",
}

@article{jung:dns02cache,
  author =	 "J. Jung and E. Sit and H. Balakrishnan and
                  R. Morris",
  title =	 "{DNS} Performance and the Effectiveness of Caching",
  journal =	 "IEEE\slash ACM Transactions on Networking",
  volume =	 "10",
  number =	 "5",
  pages =	 "589--603",
  year =	 "2002",
  month =	 oct,
}

@INPROCEEDINGS{kanakia-sigcomm93,
  author =	 {H. Kanakia and P. Mishra and A. Reibman},
  title =	 {An Adaptive Congestion Control Scheme for Real-Time
                  Packet Video Transport},
  booktitle =	 {Proceedings of {ACM} {SIGCOMM}'94},
  month =	 sep,
  year =	 1993,
  pages =	 "20-31",
  address =	 {San Francisco, CA},
}

%
%
%   MEASUREMENT-BASED ADMISSION CONTROL
%
%
@misc{ kazaa,
  title =	 "Kazaa",
  note =	 "\url{http://www.kazaa.com/}",
}

@misc{ ken98starr,
  author =	 "D. Wessels",
  title =	 "Report on the Effect of the Independent Council
                  Report on the {NLANR} Web Caches",
  year =	 1998,
  month =	 sep,
  note =	 "http://www.ircache.net/Statistics/ICreport/",
}

@BOOK{kleinrock,
  author =	 {L. Kleinrock},
  title =	 "Queuing Systems",
  publisher =	 "John Wiley \& Sons",
  year =	 1976,
}

@BOOK{knuth,
  author =	 {Donald E. Knuth},
  title =	 {The Art of Computer Programming. Volume 3: Sorting
                  and searching},
  publisher =	 {{Addison-Wesley}},
  year =	 1975,
}

@InProceedings{krishna:usecdn,
  author =	 {B. Krishnamurthy and C. Wills and Y.
                  Zhang},
  title =	 {On the Use and Performance of Content Distribution
                  Networks},
  booktitle =	 {Proceedings of Internet Measurement Workshop (IMW)},
  year =	 2001,
  address =	 {San Francisco, CA},
  month =	 nov,
}

@article{kuzkni-tpds,
  author =	 "A. Kuzmanovic and E. Knightly",
  title =	 "Measurement-Based Characterization and
                  Classification of {QoS}-Enhanced Systems",
  journal =	 "IEEE Transactions on Parallel and Distributed
                  Systems",
  volume =	 "14",
  number =	 "7",
  pages =	 "671--685",
  year =	 "2003",
  month =	 "July",
}

%
%
%   STATISTICAL QoS
%
@MISC{layer89rfc,
  author =	 "R. Braden",
  title =	 "Requirements for {I}nternet hosts - communication
                  layers",
  note =	 "{I}nternet {RFC} 1122",
  year =	 1989,
  month =	 oct,
}

@INPROCEEDINGS{leaky-Eckberg,
  author =	 {A.E. Eckberg, Jr. and D.T. Luan and D.M. Lucantoni},
  title =	 {Meeting the challenge: Congestion and Flow Control
                  Strategies for Broadband Information Transport},
  booktitle =	 {Proceedings of {IEEE GLOBECOM'89}},
  year =	 1989,
}

@ARTICLE{leaky-Paris,
  author =	 {I. Cidon and I.S. Gopal},
  title =	 {PARIS: An Approach to Integrated High Speed
                  Networks},
  journal =	 {International Journal on Digital and Analog Cabled
                  Systems},
  volume =	 1,
  year =	 1988,
  pages =	 "77-85",
}

@INPROCEEDINGS{lee01applied,
  author =	 "J. Lee and D. Gunter and B. Tierney and B. Allcock
                  and J. Bester and J. Bresnahan and S. Tuecke",
  title =	 "Applied Techniques for High Bandwidth Data Transfers
                  Across Wide Area Networks",
  booktitle =	 {Proceedings of CHEP '01},
  year =	 2001,
  month =	 sep,
  address =	 {Beijing, China},
}

@ARTICLE{leland-lan,
  author =	 "H. Fowler and W. Leland",
  title =	 "Local Area Network Traffic Characteristics, with
                  Implications for Broadband Network Congestion
                  Mangagement",
  journal =	 {IEEE Journal on Selected Areas of Communications},
  volume =	 9,
  number =	 7,
  month =	 sep,
  year =	 1991,
  pages =	 "1139-1149",
}

@article{ lib96con,
  author =	 "M. Abadi and R. Needham",
  title =	 "Prudent engineering practice for cryptographic
                  protocols",
  journal =	 "Software Engineering",
  volume =	 "22",
  number =	 "1",
  pages =	 "6--15",
  year =	 "1996",
  month =	 jan,
}

@techreport{liebeherr98efficient,
  author =	 "J. Liebeherr and D. E. Wrege",
  title =	 "An Efficient Solution to Traffic Characterization of
                  {VBR} Video in Quality-of-Service Networks",
  number =	 "CS-96-10",
  year =	 "1996",
  url =		 "citeseer.nj.nec.com/liebeherr98efficient.html"
}

@Unpublished{limelight:cdn,
  author =	 {LimeLight Networks},
  title =	 {LimeLight Networks {CDN}},
  note =	 "\url{http://www.limelightnetworks.com}",
  OPTkey =	 {},
  OPTmonth =	 {},
  OPTyear =	 {2006},
  OPTannote =	 {}
}

@ARTICLE{lindley,
  author =	 {D. Lindley},
  title =	 {On the Theory of Queues with a Single Server},
  journal =	 {Proceedings of the Cambridge Philosophical Society},
  volume =	 48,
  year =	 1952,
  pages =	 "277-289",
}

@misc{ linux,
  title =	 "Linux",
  note =	 "http://www.linux.org/",
}

@inproceedings{listen04whisper,
  author =	 "L. Subramanian and V. Roth and I. Stoica and
                  S. Shenker and R. Katz",
  title =	 "Listen and Whisper: Security Mechanisms for {BGP}",
  booktitle =	 "Proceedings of NSDI '04",
  year =	 2004,
  month =	 mar,
  address =	 "San Francisco, CA"
}

@BOOK{loeve,
  author =	 {M. Lo\`{e}ve},
  title =	 {Probability Theory {I}},
  edition =	 "4th",
  publisher =	 {Springer-Verlag},
  year =	 1977,
}

@inproceedings{ lu05parallelTCP,
  author =	 "D. Lu and Y. Qiao and P. Dinda and F. Bustamante",
  title =	 "Modeling and Taming Parallel {TCP} on the Wide Area
                  Network",
  booktitle =	 "Proceedings of IPDPS '05",
  year =	 2004,
  month =	 apr,
  address =	 {Denver, CO},
}

@ARTICLE{lucantoni-video,
  author =	 {D. Lucantoni and M. Neuts and A. Reibman},
  title =	 {Methods for Performance Evaluation of {VBR} Video
                  Traffic Models},
  journal =	 {{IEEE/ACM} Transactions on Networking},
  volume =	 2,
  number =	 2,
  pages =	 {176-180},
  month =	 apr,
  year =	 1994,
}

@INPROCEEDINGS{lzhang91twoway,
  author =	 {L. Zhang and S. Shenker and D. Clark},
  title =	 "Observation on the Dynamics of a Congestion Control
                  Algorithm: The Effects of Two-Way Traffic",
  booktitle =	 {Proceedings of {ACM} {SIGCOMM}'91},
  month =	 sep,
  year =	 1991,
  address =	 {Zurich, Switzerland},
}

@article{mahajan01aggr,
  author =	 "R. Mahajan and S. Bellovin and S. Floyd and
                  J. Ioannidisand and V. Paxson and S. Shenker",
  title =	 "Controlling high bandwidth aggregates in the
                  network",
  journal =	 "Technical Report",
  year =	 2001,
  month =	 feb,
}

@InProceedings{mahajan01controlling,
  author =	 "R. Mahajan and S. Floyd and D. Wetherall",
  title =	 "Controlling high-bandwidth flows at the congested
                  router",
  booktitle =	 "Proceedings of IEEE ICNP '01",
  address =	 "Riverside, CA",
  year =	 "2001",
  month =	 nov,
}

@article{many01TCP,
  author =	 "L. Qiu and Y. Zhang and S. Keshav",
  title =	 "Understanding the performance of many {TCP} flows",
  journal =	 "Computer Networks",
  volume =	 "37",
  number =	 "3-4",
  pages =	 "277--306",
  year =	 "2001",
  month =	 nov,
}

@inproceedings{ martin00incremental,
  author =	 "J. Martin and A. Nilsson and I. Rhee",
  title =	 "The incremental deployability of {RTT}-based
                  congestion avoidance for high speed {TCP} {I}nternet
                  connections",
  booktitle =	 {Proceedings of ACM SIGMETRICS '00},
  month =	 jun,
  year =	 {2000},
  address =	 {Santa Clara, CA},
}

@inproceedings{mathis96fack,
  author =	 "M. Mathis and J. Mahdavi",
  title =	 "Forward Acknowledgement: Refining {TCP} Congestion
                  Control",
  booktitle =	 "{Proceedings of ACM SIGCOMM '96}",
  year =	 "1996",
  month =	 aug,
  address =	 "Stanford University, CA",
}

@InProceedings{ matta-war,
  author =	 "L. Guo and I. Matta",
  title =	 "The War Between Mice and Elephants",
  booktitle =	 "Proceedings of IEEE ICNP '01",
  address =	 "Riverside, CA",
  year =	 "2001",
  month =	 nov,
}

@INPROCEEDINGS{mcast,
  author =	 {S. Deering et al.},
  title =	 {An architecture for wide-area multicast routing},
  booktitle =	 {Proceedings of {ACM} {SIGCOMM}'94},
  year =	 1994,
  month =	 aug,
  address =	 {London, UK},
  pages =	 "126-135",
}

@MISC{md595rfc,
  author =	 {J. Touch},
  title =	 "Report on {MD5} Performance",
  note =	 "{I}nternet {RFC} 1810",
  year =	 1995,
  month =	 june,
}

@inproceedings{ md595sigcomm,
  author =	 "J. Touch",
  title =	 "Performance Analysis of {MD5}",
  booktitle =	 "Proceedings of ACM SIGCOMM '95",
  year =	 "1995",
  month =	 aug,
  address =	 "Boston, MA"
}


@BOOK{mentor,
  author =	 {A. Miller},
  title =	 {Mentoring Students \& Young People},
  publisher =	 {Taylor \& Francis},
  year =	 2002,
}

@inproceedings{ michele03sigmetrics,
  author =	 "M. Garetto and D. Towsley",
  title =	 "Modeling, Simulation and measurements of queuing
                  delay under long-tail {I}nternet traffic",
  booktitle =	 {Proceedings of ACM SIGMETRICS '03},
  month =	 jun,
  year =	 {2003},
  address =	 {San Diego, CA},
}

@InProceedings{mirkovic02icnp,
  author =	 "J. Mirkovic and G. Prier and P. Reiher",
  title =	 "Attacking {DDoS} at the Source",
  booktitle =	 "Proceedings of IEEE ICNP '02",
  address =	 "Paris, France",
  year =	 "2002",
  month =	 nov,
}

@Unpublished{mirrorimage:cdn,
  author =	 {{Mirror Image}},
  title =	 {Mirror Image {CDN}},
  note =	 "\url{http://www.mirror-image.net}",
  OPTkey =	 {},
  OPTmonth =	 {},
  OPTyear =	 {2006},
  OPTannote =	 {}
}

@misc{mitm01close,
  author =	 "{Security Focus}",
  title =	 "Man in the Middle simultaneous {CLOSE} attack",
  note =	 "August 7, 2001,\,\,http://www.2ka.org /?q=node/24",
}

@inproceedings{ mobcode04sosp,
  author =	 "P. Patel and A. Whitaker and D. Wetherall and
                  J. Lepreau and T. Stack",
  title =	 "Upgrading Transport Protocols with Untrusted Mobile
                  Code",
  booktitle =	 sosp,
  year =	 "2003",
  month =	 oct,
  address =	 "Bolton Landing, NY",
}

@inproceedings{model03worm,
  author =	 {Z. Chen and L. Gao and K. Kwiat},
  title =	 {Modeling the Spread of Active Worms},
  booktitle =	 {Proceedings of IEEE INFOCOM '03},
  year =	 2003,
  month =	 apr,
  address =	 {San Francisco, CA},
}

@inproceedings{monet05nsdi,
  author =	 "D. Andersen and H. Balakrishnan and F.
                  Kaashoek and R. Rao",
  title =	 "Improving Web Availability for clients with
                  {MONET}",
  booktitle =	 "Proceedings of NSDI '05",
  year =	 2005,
  month =	 may,
  address =	 "Boston, MA"
}

@article{mrcp-tech-report,
  author =	 "A. Kuzmanovic and E. Knightly",
  title =	 "A Performance vs. Trust Perspective in the Design of
                  End-Point Congestion Control Protocols (Extended
                  Version)",
  journal =	 "Rice University Technical Report",
  year =	 2004,
  month =	 may,
  note =
                  {http://www.ece.rice.edu/\sim\$akuzma/publications.html},
}

@InProceedings{mrcp04icnp,
  author =	 "A. Kuzmanovic and E. Knightly",
  title =	 "A Performance vs. Trust Perspective in the Design of
                  End-Point Congestion Control Protocols",
  booktitle =	 "Proceedings of IEEE ICNP '04",
  address =	 "Berlin, Germany",
  year =	 "2004",
  month =	 oct,
}

@inproceedings{multilevel,
  author =	 "U. Ayesta and K. Avratchenkov and E. Altman and
                  C. Barakat and P. Dube",
  title =	 "Multilevel Approach for Modeling {TCP/IP}",
  booktitle =	 "{Proceedings of PFLDnet '03}",
  year =	 "2003",
  month =	 feb,
  address =	 "Geneva, Switzerland",
}

@MISC{mysql,
  title =	 {{MySQL} {D}atabase {S}erver},
  note =	 "http://www.mysql.com/",
}


@MISC{nistnet,
  title =	 {{NISTNET}: {N}etwork {E}mulation {P}ackage},
  note =	 "http://snad.ncsl.nist.gov/itg/nistnet/",
}

@INPROCEEDINGS{nn-cc,
  author =	 {X. Chen and I. Leslie},
  title =	 {A neural network approach towards adaptive
                  congestion control in broadband {ATM} networks },
  booktitle =	 {Proceedings of IEEE {GLOBECOM'91}},
  month =	 Dec,
  year =	 1991,
  organization = {IEEE Computer and Communication Societies},
  address =	 {Phoenix, Arizona},
  pages =	 "115-119",
}

@ARTICLE{nn-hir,
  author =	 {A. Hiramatsu},
  title =	 {Integration of {ATM} call admission control and link
                  capacity control distributed neural networks},
  journal =	 {IEEE Journal on Selected Areas in Communications},
  volume =	 9,
  number =	 7,
  month =	 sep,
  year =	 1991,
  pages =	 "1131-8",
}

@INPROCEEDINGS{nn-morr,
  author =	 {R. Morris and B. Samadi},
  title =	 {Neural networks in communications: admission control
                  and switch control},
  booktitle =	 {IEEE International Conference on Communications,
                  ICC'90},
  month =	 jun,
  year =	 1991,
  organization = {IEEE Computer and Communication Societies},
  address =	 {Denver, Colorado},
  pages =	 "648-54",
}

@INPROCEEDINGS{nn-ouy,
  author =	 {Y. Ouyang and A. Bhatti},
  title =	 {Neural network based routing in computer
                  communication networks},
  booktitle =	 {IEEE International Conference on Communications,
                  ICC'90},
  month =	 Aug,
  year =	 1990,
  organization = {IEEE Computer and Communication Societies},
  address =	 {Pittsburgh, Pennsylvania},
  pages =	 "621-4",
}

@inproceedings{ no04secrets,
  author =	 "D. Faria and D. Cheriton",
  title =	 "No Long-term Secrets: Location-based Security in
                  Overprovisioned \ Wireless {LAN}s",
  booktitle =	 "{Proceedings of HotNets '04}",
  year =	 "2004",
  month =	 nov,
  address =	 "San Diego, CA",
}

@inproceedings{ origins02sigcomm,
  author =	 "Y. Zhang and L. Breslau and V. Paxson and
                  S. Shenker",
  title =	 "On the Characteristics and Origins of {I}nternet
                  Flow Rates",
  booktitle =	 "Proceedings of ACM SIGCOMM '02",
  year =	 "2002",
  month =	 aug,
  address =	 "Pittsburgh, PA"
}

@MISC{ overpeer,
  title =	 {Overpeer},
  note =	 "http://www.overpeer.com/"
}

@inproceedings{ p2p03sosp,
  author =	 "K. Gummadi and R. Dunn and S. Saroiu and S. Gribble
                  and H. Levy and J. Zahorjan",
  title =	 "Measurement, Modeling, and Analysis of a
                  Peer-to-Peer File-Sharing Workload",
  booktitle =	 {Proceedings of SOSP '03},
  year =	 "2003",
  month =	 oct,
  address =	 "Bolton Landing, NY",
}

@MISC{p2pcache,
  author =	 "{CNET News.com}",
  title =	 "P2p caching: Unsafe at any speed?",
  note =	 "July 18, 2003,
                  http://news.com.com/2100-1025\_3-1027508.html"
}

@article{ padhye00ton,
  author =	 "J. Padhye and V. Firoiu and D. Towsley and
                  J. Kurose",
  title =	 "Modeling {TCP} {R}eno Performance: A Simple Model
                  and its Empirical Validation",
  journal =	 "IEEE\slash ACM Transactions on Networking",
  volume =	 "8",
  number =	 "2",
  pages =	 "133--145",
  year =	 "2000",
  month =	 apr,
}

@inproceedings{ padhye98modeling,
  author =	 "J. Padhye and V. Firoiu and D. Towsley and
                  J. Kurose",
  title =	 "Modeling {TCP} Throughput: {A} Simple Model and its
                  Empirical Validation",
  booktitle =	 {Proceedings of ACM SIGCOMM '98},
  year =	 1998,
  month =	 sep,
  address =	 "Vancouver, British Columbia",
}

@Misc{parallel01ftp,
  author =	 {J. King},
  title =	 {Parallel {FTP} Performance in a High-Bandwidth,
                  High-Latency {WAN}},
  month =	 feb,
  year =	 {2001},
  URL =		 "http://www.llnl.gov/asci/discom/sc2000_king.html"
}

@InProceedings{ pasztor-ap,
  author =	 "A. Pasztor and D. Veitch",
  title =	 "High Precision Active Probing for {I}nternet
                  Measurement",
  booktitle =	 "Proceedings of INET '01",
  address =	 "Stockholm, Sweden",
  year =	 "2001",
  month =	 june,
}

@InProceedings{pasztor02iwqos,
  author =	 "A. Pasztor and D. Veitch",
  title =	 "The Packet Size Dependence of Packet Pair Like
                  Methods",
  booktitle =	 "Proceedings of IWQoS '02",
  address =	 "Miami, FL",
  year =	 "2002",
  month =	 may,
}

@article{pathchar,
  author =	 "V. Jacobson",
  title =	 "Pathchar: A Tool to Infer Characteristics of
                  {I}nternet Paths",
  journal =	 "ftp://ftp.ee.lbl.gov/pathchar/",
  month =	 "Apr.",
  year =	 "1997",
}

@ARTICLE{patr97sat,
  author =	 {C. Patridge and T. Shepard},
  title =	 {{TCP}/{IP} performance over satelite links},
  journal =	 {IEEE Network},
  volume =	 11,
  number =	 5,
  month =	 "Sept./Oct.",
  year =	 1997,
  pages =	 "44-49",
}

@INPROCEEDINGS{paxson-watraffic,
  author =	 {V. Paxson and S. Floyd},
  title =	 {Wide-Area Traffic: The Failure of {Poisson}
                  Modeling},
  booktitle =	 {{ACM} {SIGCOMM}'94},
  year =	 1994,
  month =	 aug,
  address =	 {London, UK},
}

@inproceedings{ paxson97automated,
  author =	 "V. Paxson",
  title =	 "Automated Packet Trace Analysis of {TCP}
                  Implementations",
  booktitle =	 "{Proceedings of ACM SIGCOMM '97}",
  year =	 1997,
  month =	 sep,
  address =	 "Cannes, France",
}

@article{ paxson99dynamics,
  author =	 "V. Paxson",
  title =	 "End-to-End {I}nternet Packet Dynamics",
  journal =	 "IEEE\slash ACM Transactions on Networking",
  volume =	 "7",
  number =	 "3",
  pages =	 "277--292",
  year =	 "1999",
  month =	 "June",
}

@INPROCEEDINGS{peha-infocomm,
  author =	 {Jon M. Peha and Fouad Tobagi},
  title =	 {A Cost-Based Scheduling Algorithm to Support
                  Integrated Service},
  booktitle =	 {Proceedings of IEEE {INFOCOM}'91},
  address =	 {Miami, Florida},
  month =	 jul,
  year =	 1991,
}

@article{ perrig03sead,
  author =	 "Y. Hu and D. Johnson and A. Perrig",
  title =	 "{SEAD}: Secure Efficient Distance Vector Routing for
                  Mobile Wireless Ad Hoc Networks",
  journal =	 "Ad Hoc Networks",
  volume =	 "1",
  number =	 "1",
  pages =	 "175--192",
  year =	 "2003",
  month =	 jul,
}

@MISC{php,
  title =	 {{PHP} {S}cripting {L}anguage},
  note =	 "http://www.php.net/",
}

@MISC{ pki00clarke,
  author =	 "R. Clarke",
  title =	 "Conventional Public Key Infrastructure: An Artifact
                  Ill-Fitted to the Needs of the Information Society",
  note =	 "\emph{Technical Report},
                  http://www.anu.edu.au/people/Roger.Clarke
                  /II/PKIMisFit.html,\,\,Nov.\,\,2000"
}

@article{ pki00ellison,
  author =	 "C. Ellison and B. Schneier",
  title =	 "Ten Risks of {PKI}: What You're Not Being Told about
                  Public Key Infrastructure",
  journal =	 "Computer Security Journal",
  volume =	 "16",
  number =	 "1",
  pages =	 "1--7",
  year =	 "2000",
  month =	 apr,
}

@inproceedings{ pki96davis,
  author =	 "D. Davis",
  title =	 "Compliance Defects in Public Key Cryptography",
  booktitle =	 usenix-atc,
  year =	 "1996",
  month =	 jan,
  address =	 "San Diego, CA"
}

@misc{ planetlab,
  title =	 "Planet Lab",
  note =	 "\url{http://www.planet-lab.org/}",
}

@inproceedings{poison05,
  author =	 {N. Christin and A. Weigend and J. Chuang},
  title =	 {Content Availability, Pollution and Poisoning in
                  Peer-to-Peer File Sharing Networks},
  booktitle =	 {ACM E-Commerce Conference},
  year =	 2005,
}

@INPROCEEDINGS{ pollution05ross,
  author =	 "J. Liang and R. Kumar and Y. Xi and K. Ross",
  title =	 "Pollution in P2P File Sharing Systems",
  booktitle =	 {Proceedings of IEEE INFOCOM '05},
  year =	 2005,
  month =	 mar,
  address =	 {Miami, FL},
}

@misc{provingXXlocation,
  author =	 "B. Waters and E. Felten",
  title =	 "Proving the Location of Tamper-Resistant Devices",
  note =
                  {http://www. cs.princeton.edu/$\sim$bwaters/research/location\_proving.ps}
}

@article{pushback,
  author =	 "R. Mahajan and S. Bellovin and S. Floyd and
                  J. Ioannidis and V. Paxson and S. Shenker",
  title =	 "Controlling High Bandwidth Aggregates in the
                  Network",
  journal =	 "ACM Computer Comm. Review",
  volume =	 "32",
  number =	 "3",
  pages =	 "62--73",
  month =	 jul,
  year =	 "2002",
}

@ARTICLE{qbone,
  author =	 {B. Teitelbaum and others},
  title =	 {{Internet2 QBone}: Building a Testbed for
                  Differentiated Services},
  journal =	 {IEEE Network},
  volume =	 13,
  number =	 5,
  month =	 sep,
  year =	 1999,
  pages =	 "8-17",
}

@article{qos-survey,
  author =	 "V. Firoiu and J.-Y. Le Boudec and D. Towsley and
                  Z.-L. Zhang",
  title =	 "Theories and Models for {I}nternet Quality of
                  Service",
  journal =	 "IEEE",
  volume =	 "90",
  number =	 "9",
  pages =	 "1565--1591",
  year =	 "2002",
  month =	 "Sept.",
}

@inproceedings{ rabinovich98coop,
  author =	 "M. Rabinovich and J. Chase and S. Gadde",
  title =	 "Not all hits are created equal: {C}ooperative proxy
                  caching over a wide area network",
  booktitle =	 {Proceedings of {WWW} Caching Workshop},
  year =	 1998,
  month =	 june,
  address =	 "Manchester, England",
}

@MISC{radius00rfc,
  author =	 "C. Rigney and S. Willens and A. Rubens and
                  W. Simpson",
  title =	 "Remote Authentication Dial In User Service
                  ({RADIUS})",
  note =	 "{I}nternet {RFC} 2865",
  year =	 2000,
  month =	 jun,
}

@MISC{ raid04kaza,
  author =	 "{Australian IT}",
  title =	 {Music industry raids {K}a{Z}a{A} offices.},
  note =	 "{F}ebruary 6,
                  2004,\,\,\,http://www.afterdown. com/news/archieve/4948.cfm"
}

@inproceedings{ramakrishnan88binary,
  author =	 "K. K. Ramakrishnan and R. Jain",
  title =	 "A Binary Feedback Scheme for Congestion Avoidance in
                  Computer Networks with a Connectionless Network
                  Layer",
  booktitle =	 "Proceedings of ACM SIGCOMM '88",
  year =	 "1988",
  address =	 "Stanford, CA"
}

@ARTICLE{rate-disciplines,
  author =	 {H. Zhang and D. Ferrari},
  title =	 {Rate-Controlled Service Disciplines},
  journal =	 {Journal of High Speed Networks},
  year =	 1994,
  volume =	 3,
  number =	 4,
  pages =	 "389-412",
}

@MISC{ ratulakamai,
  author =	 "R. Mahajan",
  title =	 {How {Akamai} works?},
  note =
                  "\url{http://www.cs.washington.edu/homes/ratul/akamai.html}"
}

@INPROCEEDINGS{rcap,
  author =	 {A. Banerjea and B. Mah},
  title =	 "The Real-Time Channel Administration Protocol",
  booktitle =	 "Proceedings of the Second International Workshop on
                  Network and Operating System Support for Digital
                  Audio and Video",
  pages =	 "160-170",
  publisher =	 {{Springer-Verlag}},
  address =	 {Heidelberg, Germany},
  month =	 nov,
  year =	 1991,
}

@INPROCEEDINGS{rcsp,
  author =	 {H. Zhang and D. Ferrari},
  title =	 {Rate-Controlled Static Priority Queueing},
  booktitle =	 {Proceedings of IEEE {INFOCOM'93}},
  address =	 {San Francisco, CA},
  month =	 mar,
  year =	 1993,
  pages =	 "227-236",
}

@ARTICLE{rcsp-sg,
  author =	 {H. Zhang and E. Knightly},
  title =	 {{RCSP} and {Stop-and-Go}: A Comparison of Two
                  Non-Work-Conserving Disciplines For Supporting
                  Multimedia Communication},
  journal =	 {{ACM} Multimedia Systems Journal},
  year =	 1996,
  volume =	 4,
  number =	 6,
  pages =	 "346-356",
}

@ARTICLE{red,
  author =	 "S. Floyd and V. Jacobson",
  title =	 "Random early detection gateways for congestion
                  avoidance",
  journal =	 {{IEEE/ACM} Transactions on Networking},
  volume =	 1,
  number =	 4,
  year =	 1993,
  month =	 aug,
  pages =	 "397-413",
}

@ARTICLE{rem01aqm,
  author =	 {S. Athuraliya and V. Li and S. Low and Q Yin},
  title =	 {{REM}: Active Queue Management},
  journal =	 {IEEE Network},
  volume =	 15,
  number =	 3,
  month =	 May,
  year =	 2001,
  pages =	 "48--53",
}

@article{ reorder99ton,
  author =	 "J. Bennet and C. Patridge and N. Schetman",
  title =	 "Packet Reordering is not Pathological",
  journal =	 "IEEE\slash ACM Transactions on Networking",
  volume =	 "7",
  number =	 "6",
  pages =	 "789--798",
  year =	 "1999",
  month =	 aug,
}

@MISC{ retsnap,
  title =	 {{R}et{S}nap},
  note =	 "http://www.retsnap.com/"
}

@MISC{rfc00rto,
  author =	 {V. Paxson and M. Allman},
  title =	 "Computing {TCP}'s Retransmission Timer",
  note =	 "{I}nternet {RFC} 2988",
  year =	 2000,
  month =	 nov,
}

@MISC{rfc00sack,
  author =	 {S. Floyd and J. Madhavi and M. Mathis and
                  M. Podolsky},
  title =	 "An Extension to the Selective Acknowledgement
                  ({SACK}) Option for {TCP}",
  note =	 "{I}nternet {RFC} 2883",
  year =	 2000,
  month =	 jul,
}

@MISC{rfc01ecn,
  author =	 {K. Ramakrishnan and S. Floyd},
  title =	 "The Addition of Explicit Congestion Notification
                  ({ECN}) to {IP}",
  note =	 "{I}nternet {RFC} 3168",
  year =	 2001,
  month =	 sep,
}

@MISC{rfc01tfrc,
  author =	 {M. Handley and J. Padhye and S. Floyd and J. Widmer},
  title =	 "{TCP} Friendly Rate Control",
  note =	 "{IETF} {I}nternet draft",
  year =	 2001,
  month =	 jul,
}

@MISC{rfc03fasttcp,
  author =	 {C. Jin and D. X. Wei and S. H. Low},
  title =	 "{FAST TCP} for High-speed Long-distance Networks",
  note =	 "{I}nternet draft draft-jwl-tcp-fast-01.txt",
  year =	 2003,
  month =	 jun,
}

%
%
%   VIDEO
%
%
@MISC{rfc03hstcp,
  author =	 {S. Floyd},
  title =	 "Highspeed {TCP} for Large Congestion Windows",
  note =	 "{I}nternet {RFC} 3649",
  year =	 2003,
  month =	 dec,
}

@MISC{rfc1102,
  author =	 {David Clark},
  title =	 {Policy Routing in Internet Protocols},
  month =	 may,
  year =	 1989,
  note =	 {{RFC} 1102, {SRI} Network Information Center},
}

@MISC{rfc1125,
  author =	 {Deborah Estrin},
  title =	 {Policy Requirements for Inter Administrative Domain
                  Routing},
  note =	 {{RFC} 1125, {SRI} Network Information Center},
  month =	 {Nov},
  year =	 {1989},
}

@MISC{rfc1323,
  author =	 {V. Jacobson and R. Braden and D. Borman},
  title =	 "{TCP} Extensions for High Performance",
  note =	 "{I}nternet {RFC} 1323",
  year =	 1992,
  month =	 may,
}

@MISC{rfc1633,
  author =	 {D. Clark and others},
  title =	 "Integrated Services in the Internet Architecture: an
                  Overview",
  note =	 "{I}nternet {RFC} 1633",
  year =	 1994,
}

@MISC{rfc2211,
  author =	 {J. Wroclawski},
  title =	 "Specification of the Controlled-Load Network Element
                  Service",
  note =	 "{I}nternet {RFC} 2211",
  year =	 1997,
}

@MISC{rfc2481,
  author =	 {K. Ramakrishnan and S. Floyd},
  title =	 "A Proposal to add Explicit Congestion Notification
                  {(ECN) to IP}",
  note =	 "{I}nternet {RFC} 2481",
  year =	 1999,
}

@MISC{rfc793,
  title =	 "Transmission Control Protocol",
  note =	 "{I}nternet {RFC} 793",
  year =	 1981,
  month =	 sep,
}

@MISC{rfc98initial,
  author =	 {M. Allman and S. Floyd and C. Partridge},
  title =	 "Increasing {TCP}'s Initial Window",
  note =	 "{I}nternet {RFC} 2414",
  year =	 1998,
  month =	 sept,
}

@MISC{rfc99ecn,
  author =	 {K. Ramakrishnan and S. Floyd},
  title =	 "A Proposal to Add Explicit Congestion Notification
                  ({ECN}) to {IP}",
  note =	 "{I}nternet {RFC} 2481",
  year =	 1999,
  month =	 jan,
}

@inproceedings{ribeiro-ct,
  author =	 {V. Ribeiro and M. Coates and R. Riedi and
                  S. Sarvotham and B. Hendricks and R. Baraniuk},
  title =	 {MultiFractal Cross-Traffic Estimation},
  booktitle =	 "{ Proceedings of ITC '00}",
  year =	 "2000",
  month =	 "Sept.",
  address =	 "Monterey, CA",
}

@article{rio,
  author =	 "D. D. Clark and W. Fang",
  title =	 "Explicit Allocation of Best-Effort Packet Delivery
                  Service",
  journal =	 "IEEE\slash ACM Transactions on Networking",
  volume =	 "6",
  number =	 "4",
  pages =	 "362--373",
  year =	 "1998",
  month =	 "Aug.",
}

@InProceedings{robust01icnp,
  author =	 "D. Ely and N. Spring and D. Wetherall and S. Savage
                  and T. Anderson",
  title =	 "Robust Congestion Signaling",
  booktitle =	 "Proceedings of IEEE ICNP '01",
  address =	 "Riverside, CA",
  year =	 "2001",
  month =	 nov,
}

@inproceedings{ robust02hotnets,
  author =	 "T. Anderson and S. Shenker and I. Stoica and
                  D. Wetherall",
  title =	 "Design Guidelines for Robust {I}nternet Protocols",
  booktitle =	 "{Proceedings of HotNets '02}",
  year =	 "2002",
  month =	 oct,
  address =	 "Princeton, NJ",
}

@inproceedings{ rolf01cache,
  author =	 "V. Almeida and D. Menasci and R. Riedi and
                  F. Ribeiro and R. Fonseca and W. Meira",
  title =	 "Analyzing Robot Behavior and their Impact on
                  Caching",
  booktitle =	 {Proceedings of Workshop on Web Caching and Content
                  Delivery '01},
  year =	 2001,
  month =	 jun,
  address =	 "Boston, MA",
}

@InProceedings{roq04matta,
  author =	 "M. Guirguis and A. Bestavros and I. Matta",
  title =	 "Exploiting the Transients of Adaptation for {RoQ}
                  Attacks on Intern\ et Resources",
  booktitle =	 "Proceedings of IEEE ICNP '04",
  address =	 "Berlin, Germany",
  year =	 "2004",
  month =	 oct,
}

}
@ARTICLE{rosenberg94,
  author =	 {C. Rosenberg and B. Lague},
  title =	 {A Heuristic Framework for Source Policing in {ATM}
                  Networks},
  journal =	 {{IEEE/ACM} Transactions on Networking},
  volume =	 2,
  number =	 4,
  pages =	 {387-397},
  month =	 aug,
  year =	 1994,
}
@InProceedings{fabianb:ndr,
  author =	 {F. Bustamante and G. Eisenhauer and
                  K. Schwan and P. Widener},
  title =	 {Efficient Wire Formats for High Performance
                  Computing},
  booktitle =	 {Proceedings of Supercomputing '00},
  year =	 {2000},
  month =	 nov,
}
@InProceedings{yqiao:server-side,
  author = 	 {Y. Qiao and D. Lu and F. Bustamante and P. Dinda},
  title = 	 {Looking at the Server Side of Peer-to-Peer Systems},
  booktitle = lcr,
  year = 	 {2004},
  month = 	 {October},
  note = 	 {},
  annote = 	 {}
}

@InProceedings{yqiao:lspan,
  author = 	 {Y. Qiao and F. Bustamante},
  title = 	 {Elders Know Best - Handling Churn in Less Structured P2P Systems},
  booktitle = 	 {In Proc. of the Fifth IEEE International Conference on Peer-to-Peer Computing},
  year = 	 {2005},
  month = 	 {September},
  OPTorganization = {},
  OPTpublisher = {},
  OPTnote = 	 {},
  OPTannote = 	 {}
}
@InProceedings{sbirrer:wcw04,
  author =	 {S. Birrer and D. Lu and F. Bustamante
                  and Y. Qiao and P. Dinda},
  title =	 {{FatNemo}: Building a Resilient Multi-Source
                  Multicast Fat-Tree},
  booktitle =	 {In Proc. of the 9th International Workshop on Web
                  Caching and Content Distribution (WCW)},
  year =	 {2004},
  month =	 {October},
  OPTannote =	 {}
}
@InProceedings{sbirrer:wcw05,
  author =	 {S. Birrer and F. Bustamante},
  title =	 {{Magellan:} Performance-based, Cooperative Multicast},
  booktitle =	 {In Proc. of the 10th International Workshop on Web
                  Caching and Content Distribution (WCW)},
  year =	 {2005},
  month =	 {September},
  OPTannote =	 {}
}
@InProceedings{fabianb:as,
  author =	 {F. Bustamante and G. Eisenhauer and
                  P. Widener and K. Schwan and C. Pu},
  title =	 {{Active Streams}: An approach to adaptive
                  distributed systems},
  booktitle =	 hotos8,
  year =	 {2001},
  address =	 {Schoss Elmau, Germany},
  month =	 {May},
  note =	 {}
}
@InProceedings{fabianb:lspan,
  author =	 {F. Bustamante and Y. Qiao},
  title =	 {Friendships that last: Peer lifespan and its role in
                  {P2P} protocols},
  booktitle =	 {In Proc. of the 8th International Workshop on Web
                  Caching and Content Distribution (WCW)},
  year =	 {2003},
  address =	 {IBM T.J. Watson Research Center, Hawthorne, NY, USA},
  month =	 {September},
  note =	 {},
  annote =	 {}
}

@InProceedings{birrer:nemo2,
  author = 	 {S. Birrer and F. Bustamante},
  title = 	 {Nemo - Resilient Peer-to-Peer Multicast without the
                  Cost},
  booktitle = 	 {Proc. of the 12th Annual Multimedia Computing and Networking Conference (MMCN)},
  year = 	 {2005},
  month = 	 {January},
  OPTannote = 	 {}
}

@InProceedings{eisen:echo,
  author =	 {G. Eisenhauer and F. Bustamante and
                  K. Schwan},
  title =	 {Event Services for High Performance Computing},
  booktitle =	 {Proceedings of HPDC '00},
  year =	 {2000},
  month =	 {August},
  address =	 {Pittsburgh, PA},
}

@InProceedings{qiao:usenix06,
  author = 	 {Y. Qiao and F. Bustamante},
  title = 	 {Structured and unstructured overlays under the microscope - 
A measurement-based view of two P2P systems that people use},
  booktitle = 	 usenix-atc,
  OPTcrossref =  {},
  OPTkey = 	 {},
  OPTpages = 	 {},
  year = 	 {2006},
  OPTeditor = 	 {},
  OPTvolume = 	 {},
  OPTnumber = 	 {},
  OPTseries = 	 {},
  OPTaddress = 	 {},
  month = 	 {May},
  OPTorganization = {},
  OPTpublisher = {},
  note = 	 {To appear},
  OPTannote = 	 {}
}

@Article{eisen:pubsub,
  author = 	 {G. Eisenhauer and F. Bustamante and K. Schwan},
  title = 	 {Publish-subscribe for high-performance computing},
  journal = 	 {IEEE Internet Computing - Asynchronous Middleware and Services},
  year = 	 {2006},
  key = 	 {},
  volume = 	 {10},
  number = 	 {1},
  pages = 	 {8--25},
  month = 	 {January},
  OPTnote = 	 {},
  OPTannote = 	 {}
}

@INPROCEEDINGS{ross1998.a,
  author =	 {M. Reisslein and K. Ross and S. Rajagopa},
  title =	 {Guaranteeing statistical {QoS} to regulated traffic:
                  The multiple node case},
  booktitle =	 {Proceedings of IEEE Conference on Decision and
                  Control},
  year =	 1998,
  month =	 dec,
  pages =	 "531-538",
  address =	 {Tampa, FL},
}

@Article{rsvp,
  author =	 "L. Zhang and S. Deering and D. Estrin and S. Shenker
                  and D. Zappala",
  title =	 "{{RSVP}: {A} New Resource {ReSerVation} Protocol}",
  journal =	 "IEEE Network",
  volume =	 "7",
  number =	 "5",
  pages =	 "8-18",
  month =	 sep,
  year =	 "1993",
}

@Article{rsvp-perf,
  author =	 {A. Neogi and T. Chiueh and P. Stirpe},
  title =	 {Performance analysis of an {RSVP}-capable router},
  journal =	 "IEEE Network",
  volume =	 "13",
  number =	 "5",
  month =	 sep,
  year =	 "1999",
  pages =	 "56-63",
}

@ARTICLE{rt-channel,
  author =	 {Q. Zheng and K. Shin},
  title =	 {On the Ability of Establishing Real-Time Channels in
                  Point-to-Point Packet-Switched Networks},
  journal =	 {IEEE Transactions on Communications},
  volume =	 42,
  number =	 2,
  month =	 feb,
  year =	 1994,
  pages =	 "1096-1105",
}

@INPROCEEDINGS{rtip,
  author =	 {H. Zhang and D. Verma and D. Ferrari},
  title =	 {Design and Implementation of the Real-time Internet
                  Protocol},
  booktitle =	 "Proceedings of the IEEE Workshop on the Architecture
                  and Implementation of High Performance Communication
                  Subsystems",
  address =	 {Tucson, Arizona},
  month =	 Feb,
  year =	 1992,
}

@INPROCEEDINGS{rtip-performance,
  author =	 {H. Zhang and T. Fisher},
  title =	 {Preliminary Measurement of {RMTP/RTIP}},
  booktitle =	 "Proceedings of the Third International Workshop on
                  Network and Operating System Support for Digital
                  Audio and Video",
  address =	 {San Diego, CA},
  month =	 nov,
  year =	 1992,
}

@inproceedings{ sastry03secure,
  author =	 "N. Sastry and U. Shankar and D. Wagner",
  title =	 "Secure Verification of Location Claims",
  booktitle =	 "{Proceedings of ACM Workshop on Wireless Security
                  '03}",
  year =	 "2003",
  month =	 sep,
  address =	 "San Diego, CA",
}

@inproceedings{savage03worm,
  author =	 {D. Moore and C. Shannon and M Voelker and S. Savage},
  title =	 {Internet Quarantine: Requirements for Containing
                  Self-Propagating Code},
  booktitle =	 {Proceedings of IEEE INFOCOM '03},
  year =	 2003,
  month =	 apr,
  address =	 {San Francisco, CA},
}

@inproceedings{savage99detour,
  author =	 "S. Savage and A. Collins and E. Hoffman and J. Snell
                  and T. Anderson",
  title =	 "The End-to-end Effects of {I}nternet Path Selection",
  booktitle =	 "{Proceedings of ACM SIGCOMM '99}",
  year =	 "1999",
  month =	 sep,
  address =	 "Vancouver, British Columbia",
}

@article{savage99misbtcp,
  author =	 "S. Savage and N. Cardwell and D. Wetherall and
                  T. Anderson",
  title =	 "{TCP} Congestion Control with a Misbehaving
                  Receiver",
  journal =	 "ACM Computer Comm. Review",
  volume =	 "29",
  number =	 "5",
  pages =	 "71--78",
  month =	 oct,
  year =	 "1999",
}

@inproceedings{ savage99usenix,
  author =	 "S. Savage",
  title =	 "Sting: a {TCP}-based Measurement Tool",
  booktitle =	 {Proceedings of USENIX '99},
  year =	 "1999",
  month =	 jun,
  address =	 "Boulder, CO"
}

@MISC{scalabletcp,
  author =	 {T. Kelly},
  title =	 "Scalable {TCP}: Improving Performance in Highspeed
                  Wide Area Networks",
  note =	 "submitted for publication",
  year =	 2002,
  month =	 dec,
}

@INPROCEEDINGS{self-similar,
  author =	 {W. Leland and M. Taqqu and W. Willinger and
                  D. Wilson},
  title =	 {On the Self-Similar Nature of {Ethernet} Traffic},
  booktitle =	 {Proceedings of {ACM} {SIGCOMM}'93},
  month =	 sep,
  year =	 1993,
  pages =	 "183-193",
  address =	 {San Francisco, CA},
}

@INPROCEEDINGS{seq-measure,
  author =	 {A. Banerjea and E. Knightly and F. Templin and
                  H. Zhang},
  title =	 {Experiments with the {Tenet} Real-Time Protocol
                  Suite on the {Sequoia} 2000 Wide Area Network},
  booktitle =	 {Proceedings of {ACM} Multimedia '94},
  address =	 {San Francisco, {CA}},
  month =	 oct,
  year =	 1994,
}

%
%
%       MANAGEMENT
%
%
%


%
%
% MOBILE/WIRELESS
%
%
@INPROCEEDINGS{sequoia,
  author =	 {M. Stonebraker},
  title =	 {An Overview of the {Sequoia} 2000 Project},
  booktitle =	 {Proceedings of {COMPCOM} '92},
  address =	 {San Francisco, {CA}},
  month =	 feb,
  year =	 1992,
}

@INPROCEEDINGS{sequoia-network,
  author =	 {D. Ferrari and J. Pasquale and G. Polyzos},
  title =	 {Network Issues for {Sequoia} 2000},
  booktitle =	 {Proceedings of {COMPCOM} '92},
  pages =	 "401-406",
  address =	 {San Francisco, {CA}},
  month =	 feb,
  year =	 1992,
}

@InProceedings{shaikh:dns-select,
  author =	 {A. Shaikh and R. Tewari and M. Agrawal},
  title =	 {On the effectiveness of {DNS-}based server
                  selection},
  booktitle =	 {Proceedings of IEEE INFOCOM '01},
  year =	 {2001},
  OPTaddress =	 {Anchorage, Alaska},
  month =	 apr,
}

@article{ shared02ton,
  author =	 "D. Rubenstein and J. Kurose and D. Towsley",
  title =	 "Detecting Shared Congestion of Flows Via End-to-end
                  Measurement",
  journal =	 "IEEE\slash ACM Transactions on Networking",
  volume =	 "10",
  number =	 "2",
  pages =	 "381--395",
  year =	 "2002",
  month =	 apr,
}

@article{shenker90obs,
  author =	 "S. Shenker and L. Zhang and D. Clark",
  title =	 "Some Observatins on the Dynamics of a Congestion
                  Control Algorithm",
  journal =	 "ACM Computer Comm. Review",
  volume =	 "20",
  number =	 "5",
  pages =	 "30--39",
  month =	 oct,
  year =	 "1990",
}

@ARTICLE{shim-3state-ar,
  author =	 {C. Shim and I. Ryoo and J. Lee and S. Lee},
  title =	 {Modeling and Call Admission Control Algorithm of
                  Variable Bit Rate Video in ATM Networks},
  journal =	 {IEEE Journal on Selected Areas in Communications},
  volume =	 12,
  number =	 2,
  month =	 Feb,
  year =	 1994,
  pages =	 "332-344",
}



@InProceedings{nakao:underlay,
  author =       {A. Nakao and L. Peterson and A. Bavier},
  title =        {A routing underlay for overlay networks},
  booktitle =    {Proceedings of ACM SIGCOMM '03},
  year =         {2003},
  month =        aug,
  address =      "Karlsruhe, Germany"
}



@inproceedings{shrew03sigcomm,
  author =	 {A. Kuzmanovic and E. Knightly},
  title =	 "Low-Rate {TCP}-Targeted Denial of Service Attacks
                  (The Shrew vs. the Mice and Elephants)",
  booktitle =	 {Proceedings of ACM SIGCOMM '03},
  year =	 {2003},
  month =	 aug,
  address =	 "Karlsruhe, Germany"
}

@INPROCEEDINGS{shrew05infocom,
  author =	 {S. Ebrahimi-Taghizadeh and A. Helmy and S. Gupta},
  title =	 {A Systematic Simulation-based Study of Adverse
                  Impact of Short-lived {TCP} flows on Long-lived
                  {TCP} Flows},
  booktitle =	 {Proceedings of IEEE INFOCOM '05},
  year =	 2005,
  month =	 mar,
  address =	 {Miami, FL},
}

@ARTICLE{ shrewToN,
  author =	 "A. Kuzmanovic and E. Knightly",
  title =	 "Low-Rate {TCP}-Targeted Denial of Service Attacks
                  and Counter Strategies",
  Journal =      {{IEEE/ACM} Transactions on Networking},
  volume =       14,
  number =       5,
  year =         2006,
  month =        oct,
}

@INPROCEEDINGS{shriram,
  author =	 {S. Sarvotham and R. Riedi and R. Baraniuk},
  title =	 {Connection-Level Analysis and Modeling of Network
                  Traffic},
  booktitle =	 {Proceedings of IEEE/ACM SIGCOMM Internet Measurement
                  Workshop},
  year =	 {2001},
  month =	 {Nov.},
  address =	 {San Francisco, CA}
}

@article{simple95attack,
  author =	 "L. Joncheray",
  title =	 "A Simple Active Attack against {TCP}",
  journal =	 "Technical Report",
  year =	 1995,
  month =	 apr,
  note =	 {http://www.deter.com/unix/papers/tcp\_attack.pdf}
}

@INPROCEEDINGS{sivara2000.a,
  author =	 "V. Sivaraman and F. Chiussi",
  title =	 {Providing end-to-end statistical delay guarantees
                  with earliest deadline first scheduling and per-hop
                  traffic shaping},
  booktitle =	 {Proceedings of IEEE INFOCOM '00},
  address =	 "Tel Aviv, Israel",
  month =	 mar,
  year =	 2000,
}

@INPROCEEDINGS{smooth-nyc,
  author =	 {E. Knightly and P. Rossaro},
  title =	 {Effects of Smoothing on End-to-End Performance
                  Guarantees for {VBR} Video},
  booktitle =	 {Proceedings of the 1995 International Symposium on
                  Multimedia Communications and Video Coding},
  year =	 1995,
  month =	 oct,
  address =	 {New York, NY},
}

@misc{ snif1,
  author =	 "{ProgramURL}.com",
  title =	 "Packet Sniffing Software",
  note =
                  "http://www.programurl.com/software/packet-sniffing.htm",
}

@misc{ snif2,
  author =	 "OptOut",
  title =	 "Packet Sniffing",
  note =	 "http://grc.com/oo/packetsniff.htm",
}

@inproceedings{ sos02sigcomm,
  author =	 "A. Keromytis and V. Misra and D. Rubenstein",
  title =	 "{SOS}: Secure Overlay Services",
  booktitle =	 "Proceedings of ACM SIGCOMM '02",
  year =	 "2002",
  month =	 aug,
  address =	 "Pittsburgh, PA"
}

@TECHREPORT{source-model,
  author =	 {Y. Nikolaidis and I. Akyildiz},
  title =	 {Source Characterization and Statistical Multiplexing
                  in {ATM} Networks},
  institution =	 {College of Computing, Georgia Institute of
                  Technology},
  number =	 {GIT-CC-92/24},
  address =	 {Atlanta, GA 30332-0280},
  year =	 1992,
}

@INPROCEEDINGS{spand00,
  author =	 {Y. Zhang and L. Qiu and S. Keshav},
  title =	 {Speeding Up Short Data Transfers: Theory,
                  Architectural Support, and Simulations},
  booktitle =	 {Proceedings of NOSSDAV '00},
  year =	 2000,
  month =	 jun,
  address =	 {Chapel Hill, N. Carolina},
}

@inproceedings{ spv04sigcomm,
  author =	 "Y. Hu and A. Perrig and M. Sirbu",
  title =	 "{SPV}: Secure Path Vector Routing for Securing
                  {BGP}",
  booktitle =	 "Proceedings of ACM SIGCOMM '04",
  year =	 "2004",
  month =	 sep,
  address =	 "Portland, Oregon"
}

@article{sqrt,
  author =	 "M. Mathis and J. Semke and J. Madhavi and T. Ott ",
  title =	 "The Macroscopic Behavior of the {TCP} Congestion
                  Avoidance",
  journal =	 "ACM Computer Comm. Review",
  volume =	 "27",
  number =	 "3",
  pages =	 "67--82",
  month =	 jul,
  year =	 "1997",
}

@misc{ squid,
  title =	 "Squid Web Proxy Cache",
  note =	 "http://www.squid-cache.org/",
}



@Article{kanga:redirect,
  author = 	 {J. Kangasharju and K.W. Ross and J.W. Roberts},
  title = 	 {Performance evaluation of redirection schemes in content distribution networks},
  journal = 	 {Computer Communications},
  year = 	 {2001},
  OPTkey = 	 {},
  volume = 	 {24},
  number = 	 {2},
  pages = 	 {207--214},
  OPTmonth = 	 {},
  OPTnote = 	 {},
  OPTannote = 	 {}
}

@inproceedings{ stability04sigcomm,
  author =	 "Y. Zhang and S. Kang and D. Loguinov",
  title =	 "Delayed Stability and Performance of Distributed
                  Congestion Control",
  booktitle =	 "Proceedings of ACM SIGCOMM '04",
  year =	 "2004",
  month =	 sep,
  address =	 "Portland, Oregon"
}

@INPROCEEDINGS{stat-ps,
  author =	 {Z. Zhang and D. Towsley and J. Kurose},
  title =	 {Statistical Analysis of Generalized Processor
                  Sharing Scheduling Discipline},
  booktitle =	 {Proceedings of {ACM} {SIGCOMM}'94},
  year =	 1994,
  month =	 aug,
  address =	 {London, UK},
}

@ARTICLE{stop-go,
  author =	 {S. Golestani},
  title =	 {A Framing Strategy for Congestion Management},
  journal =	 {IEEE Journal on Selected Areas in Communications},
  volume =	 9,
  number =	 7,
  month =	 Sep,
  year =	 1991,
  pages =	 "1064-1077",
}

@MISC{syn96cookies,
  author =	 "D. Bernstein",
  title =	 "{SYN} Cookies",
  note =	 "http://cr.yp.to/syncookies.html",
  year =	 1996,
}

@inproceedings{ talking02strangers,
  author =	 "D. Balfanz and D. Smetters and P. Stewart and
                  H. Wong",
  title =	 "Talking to Strangers: Authentication in Ad-Hoc
                  Wireless Networks",
  booktitle =	 {Proceedings of NDSS '02},
  year =	 2002,
  month =	 feb,
  address =	 "San Diego, CA",
}

@InProceedings{taming04elephants,
  author =	 "L. Le and J. Aikat and K. Jeffay and F. Smith",
  title =	 "Differential Congestion Notification: Taming the
                  Elephants",
  booktitle =	 "Proceedings of IEEE ICNP '04",
  address =	 "Berlin, Germany",
  year =	 "2004",
  month =	 oct,
}

@TechReport{tang:tr,
  author =	 {C. Tang and P McKinley},
  title =	 {A Distributed Multipath Computation Framework for
                  Overlay network Applications},
  institution =	 {Michigan State University},
  year =	 {2004},
  OPTkey =	 {},
  OPTtype =	 {Technical Report},
  OPTnumber =	 {MSU-CSE-04-18},
  OPTaddress =	 {},
  OPTmonth =	 {},
  OPTnote =	 {},
  OPTannote =	 {}
}

@MISC{tcp,
  author =	 {J. Postel},
  title =	 {Transmission Control Protocol},
  note =	 "{RFC 793}",
  month =	 sep,
  year =	 1981,
}

@INPROCEEDINGS{tcp-lp,
  author =	 {A. Kuzmanovic and E. Knightly},
  title =	 {{TCP-LP}: A distributed Algorithm for Low Priority
                  Data Transfer},
  booktitle =	 {Proceedings of IEEE INFOCOM '03},
  year =	 2003,
  month =	 apr,
  address =	 {San Francisco, CA},
}

@ARTICLE{ tcp-lpToN,
  author =	 "A. Kuzmanovic and E. Knightly",
  title =	 "{TCP-LP}: Low-Priority Service via End-Point
                  Congestion Control",
  Journal =      {{IEEE/ACM} Transactions on Networking},
  volume =       14,
  number =       5,
  year =         2006,
  month =        oct,
}

@ARTICLE{tcp-overhead,
  author =	 {D. Clark and V. Jacobson and J. Romkey and
                  H. Salwen},
  title =	 {An Analysis of {TCP} Processing Overhead},
  journal =	 {IEEE Communications Magazine},
  month =	 jun,
  year =	 1989,
}

@inproceedings{ tcp02energy,
  author =	 "H. Singh and S. Singh",
  title =	 "Energy consumption of {TCP} {R}eno, {N}ewreno, and
                  {S}ack in multi-hop wireless networks",
  booktitle =	 {Proceedings of ACM SIGMETRICS '02},
  month =	 jun,
  year =	 {2002},
  address =	 {Marina Del Rey, CA},
}

@MISC{tcp98md5,
  author =	 {A. Heffernan},
  title =	 "Protection of {BGP} sessions via the {TCP} {MD}5
                  Signature Option",
  note =	 "{I}nternet {RFC} 2385",
  year =	 1998,
  month =	 aug,
}

@BOOK{tcpip,
  author =	 {D. Comer},
  title =	 {Internetworking with {TCP/IP}: Principles,
                  Protocols, and Architecture},
  volume =	 1,
  publisher =	 {Prentice Hall},
  year =	 1991,
}

@BOOK{teach1,
  author =	 {P. Wankat and F. Oreovicz},
  title =	 {Teaching Engineering},
  publisher =	 {McGraw Hill},
  year =	 1992,
}

@article{teach2,
  author =	 "R. Felder and L. Silverman",
  title =	 "Learning and Teaching Styles in Engineering
                  Education",
  journal =	 "Engineering Education",
  volume =	 "78",
  number =	 "7",
  pages =	 "674--681",
  year =	 "1988",
}

@inproceedings{temp00local,
  author =	 "S. Jin and A. Bestavros",
  title =	 "Sources and Characteristics of Web Temporal
                  Locality",
  booktitle =	 "Proceedings of Int'l Symp. Modeling, Analysis and
                  Simulation of Comp. and Telecommun. Sys.,",
  year =	 "2000",
  month =	 aug,
  address =	 "San Francisco, CA"
}

@ARTICLE{tenet-design,
  author =	 {A. Banerjea and D. Ferrari and B. Mah and M. Moran
                  and D. Verma and H. Zhang},
  title =	 {Tenet Real-Time Prococol Suite: Design,
                  Implementation, and Experiences},
  Journal =	 {{IEEE/ACM} Transactions on Networking},
  volume =	 4,
  number =	 1,
  year =	 1996,
  pages =	 "1-10",
}

@ARTICLE{tes,
  author =	 "B. Melamed and B. Sengupta",
  title =	 "{TES} Modeling of video traffic",
  journal =	 {{IEICE} Transactions on Communications},
  volume =	 "E75-B",
  number =	 12,
  year =	 1992,
  pages =	 "1292-1300",
}

@inproceedings{tesla1,
  author =	 "A. Perrig and R. Canetti and B. Briscoe and J. Tygar
                  and D. Song",
  title =	 "Efficient Authentication and Signing of Multicast
                  Streams over Lossy Channels",
  booktitle =	 {Proceedings of the IEEE Symposium on Security and
                  Privacy},
  year =	 2000,
  month =	 may,
  address =	 "Berkeley, CA",
}

@inproceedings{tesla2,
  author =	 "A. Perrig and R. Canetti and D. Song and J. Tygar",
  title =	 "Efficient and Secure Source Authentication for
                  Multicast",
  booktitle =	 {Proceedings of NDSS '01},
  year =	 2001,
  month =	 feb,
  address =	 "San Diego, CA",
}

@inproceedings{ touch98coop,
  author =	 "J. Touch",
  title =	 "The {LSAM} proxy cache - a multicast distributed
                  virtual cache",
  booktitle =	 {Proceedings of {WWW} Caching Workshop},
  year =	 1998,
  month =	 june,
  address =	 "Manchester, England",
}

@INPROCEEDINGS{towsley-ct,
  author =	 {S. Alouf and P. Nain and D. Towsley},
  title =	 {Inferring Network Characteristics via Moment-Based
                  Estimators},
  booktitle =	 {Proceedings of IEEE INFOCOM '01},
  year =	 2001,
  month =	 apr,
  address =	 {Anchorage, Alaska},
}

@MISC{tpcw,
  title =	 {{TPC-W}: {T}ransaction {P}rocessing {C}ouncil},
  note =	 "http://www.tpc.org/",
}

@inproceedings{ traceback04ssp,
  author =	 "J. Li and M. Sung and J. Xu and L. Li",
  title =	 "Large-scale {IP} traceback in high-speed {I}nternet:
                  Practical Techniques and Theoretical Foundation",
  booktitle =	 {Proceedings of the IEEE Symposium on Security and
                  Privacy},
  year =	 2004,
  month =	 may,
  address =	 "Oakland, CA",
}

%
%
%   WEB
%
%
@ARTICLE{transient-qos,
  AUTHOR =	 "R. Nagarajan and J. Kurose and D. Towsley",
  TITLE =	 "Finite-Horizon Statistical Quality-of-Service
                  Measures for High-Speed Networks",
  JOURNAL =	 {Journal of High Speed Networks},
  VOLUME =	 0,
  NUMBER =	 0,
  MONTH =	 jan,
  YEAR =	 0000,
  PAGES =	 "0--0",
}

@INPROCEEDINGS{trivedi-translb,
  author =	 {D. Logothetis and K. Trivedi},
  title =	 {Transient Analysis of the Leaky Bucket Rate Control
                  Scheme},
  booktitle =	 {Proceedings of IEEE {INFOCOM}'94},
  year =	 1994,
  month =	 jun,
  address =	 "Toronto, Ontario",
  pages =	 "490-497",
}

@article{ tuning01RED,
  author =	 "M. Christiansen and K. Jeffay and D. Ott and
                  F. Smith",
  title =	 "Tuning {RED} for Web Traffic",
  journal =	 "IEEE\slash ACM Transactions on Networking",
  volume =	 "9",
  number =	 "3",
  pages =	 "249--264",
  year =	 "2001",
  month =	 june,
}

@Article{vakali:ic03,
  author =	 {Athena Vakali and George Pallis},
  title =	 {Content Delivery Networks: Status and Trends},
  journal =	 {{IEEE} Internet Computing},
  year =	 {2003},
  pages =	 {68--74},
  month =	 {December},
  OPTnote =	 {},
  OPTannote =	 {}
}

@INPROCEEDINGS{varaiya-entropy,
  author =	 {N. Plotkin and P. Varaiya},
  title =	 {The Entropy of Traffic Streams in ATM Virtual
                  Circuits},
  booktitle =	 {Proceedings of IEEE {INFOCOM}'94},
  year =	 1994,
  month =	 jun,
  address =	 "Toronto, Ontario",
  pages =	 "1038-1045",
}

@INPROCEEDINGS{veciana02size,
  author =	 {S. Yang and G. de Veciana},
  title =	 {Size-based Adaptive Bandwidth Allocation: Optimizing
                  the Average {Q}o{S} for Elastic Flows},
  booktitle =	 {Proceedings of IEEE INFOCOM '02},
  year =	 2002,
  month =	 jun,
  address =	 {New York, NY},
}

@ARTICLE{video-MMPP,
  author =	 {B. Maglaris and D. Anastassiou and P. Sen and
                  G. Karlsson and J. Robbins},
  title =	 {Performance Models of Statistical Multiplexing in
                  Packet Video Communications},
  journal =	 {IEEE Transactions on Communications},
  volume =	 36,
  number =	 7,
  pages =	 {834-844},
  month =	 jul,
  year =	 1988,
}

@INPROCEEDINGS{video-selfsim,
  author =	 {M. Garret and W. Willinger},
  title =	 {Analysis, Modeling and Generation of Self-Similar
                  {VBR} Video Traffic},
  booktitle =	 {Proceedings of {ACM} {SIGCOMM} '94},
  year =	 1994,
  month =	 aug,
  address =	 {London, UK},
  pages =	 "269-280",
}

@inproceedings{ vojnovic02eq,
  author =	 "M. Vojnovic and J.-Y. Le Boudec",
  title =	 "On the Long-Run Behavior of Equation-Based Rate
                  Control",
  booktitle =	 "Proceedings of ACM SIGCOMM '02",
  year =	 "2002",
  month =	 aug,
  address =	 "Pittsburgh, PA"
}

%
%
%       New References for CNS Paper
%
%
@Misc{wallerich:nsweb,
  author =	 {J. Wallerich},
  title =	 {Design and Implementation of a {WWW} Workload
                  Generator for the NS-2 Network Simulator},
  month =	 {September},
  year =	 {2001},
  URL =
                  "http://www.net.informatik.tu-muenchen.de/$\sim$jw/nsweb/doku/"
}

author =       {L. Kleinrock},
  title =        {Queueing System},
  publisher =    {New York, Wiley},
  year =         {1976},
}
@INPROCEEDINGS{walrand-decoupling,
  author =	 {G. de Veciana and C. Courcoubetis and J. Walrand},
  title =	 {Decoupling Bandwidths for Networks: A Decomposition
                  Approach to Resource Management},
  booktitle =	 {Proceedings of IEEE {INFOCOM}'94},
  year =	 1994,
  month =	 jun,
  address =	 "Toronto, Ontario",
  pages =	 "466-473",
}

@ARTICLE{walrand1989,
  author =	 {T. Chen and J. Walrand and D. Messerschmitt},
  title =	 {Dynamic priority protocols for packet voice},
  journal =	 {IEEE Journal on Selected Areas in Communications},
  volume =	 7,
  number =	 5,
  month =	 june,
  year =	 1989,
  pages =	 "632-643",
}

@inproceedings{weak02auth,
  author =	 "J. Arkko and P. Nikander",
  title =	 "Weak Authentication: How to Authenticate Unknown
                  Principals without Trusted Parties",
  booktitle =	 "Proceedings of Security Protocols Workshop",
  year =	 2002,
  month =	 apr,
  address =	 "Cambridge, UK"
}

@MISC{ web06par,
  author =	 "D. Choffnes and J. Lange and A. Kuzmanovic",
  title =	 "Rethinking the Use of Parallel Connections in Web
                  Browsers",
  note =	 "\emph{Submitted for publication}",
}

@MISC{wep,
  author =	 "L. M. S. C. of the {IEEE} Computer Society",
  title =	 "Wireless {LAN} Medium Access Control ({MAC}) and
                  Physical Layer ({PHY}) specifications",
  note =	 "IEEE Standard 802.11, 1999 Edition",
  year =	 1999,
}

@inproceedings{ wep01insec,
  author =	 "N. Borisov and I. Goldberg and D. Wagner",
  title =	 "Intercepting Mobile Communicaitons: The Insecurity
                  of 802.11",
  booktitle =	 {Proceedings of ACM SIGMOBILE '01},
  year =	 2001,
  month =	 june,
  address =	 "Rome, Italy",
}

@inproceedings{ westwood01,
  author =	 " C. Casetti and M. Gerla and S. Mascolo and
                  M. Y. Sanadidi and R. Wang",
  title =	 "{TCP} {W}estwood: Bandwidth Estimation for Enhanced
                  Transport over Wireless Links",
  booktitle =	 "{Proceedings of ACM MOBICOM '01}",
  year =	 "2001",
  month =	 jul,
  address =	 "Rome, Italy",
}




@InProceedings{gadde:wcw00,
  author =       {S. Gadde and J. Chase and M. Rabinovich},
  title =        {Web caching and content distribution: a view from the interior},
  booktitle =    "{Workshop on Web Content Caching and Distribution
                  (WCW)}",
  year =         2000,
  month =        may,
  address =      "Lisbon, Portugal",
}




@InProceedings{koletsou:medusa,
  author =       {M. Koletsou and G. Voelker},
  title =        {The {Medusa} Proxy: A tool for exploring user-perceived web performance},
  booktitle =    "{Workshop on Web Content Caching and Distribution
                  (WCW)}",
  year =      2001,
  month =     jun,
 address =      "Boston, MA",
}




@inproceedings{ cdn01broker,
  author =       "A. Biliris and C. Cranor and F. Douglis and M. Rabinovich and S. Sibal and O. Spatscheck and W. Sturm",
  title =        "{CDN} Brokering",
  booktitle =    "{Workshop on Web Content Caching and Distribution
                  (WCW)}",
  year =         2001,
  month =        jun,
  address =      "Boston, MA",
}



@inproceedings{ wholepage02voelker,
  author =	 "L. Bent and G. Voelker",
  title =	 "Whole Page Performance",
  booktitle =	 "{Workshop on {W}eb Content Caching and Distribution
                  (WCW)}",
  year =	 2002,
  month =	 aug,
  address =	 "Boulder, CO",
}

@INPROCEEDINGS{wong-varaiya-infocom93,
  author =	 {M. Wong and P. Varaiya},
  title =	 {A deterministic fluid model for cell loss in {ATM}
                  networks},
  booktitle =	 {Proceedings of IEEE {INFOCOM}'93},
  year =	 1993,
  month =	 Mar,
  pages =	 "395-400",
}

@inproceedings{ xcp02sigcomm,
  author =	 "D. Katabi and M. Handley and C. Rohrs",
  title =	 "Congestion Control for High Bandwidth-Delay Product
                  Networks",
  booktitle =	 "Proceedings of ACM SIGCOMM '02",
  year =	 "2002",
  month =	 aug,
  address =	 "Pittsburgh, PA"
}

@INPROCEEDINGS{xunet-2,
  author =	 {A. G. Fraser and C. R. Kalmanek and A. E. Kaplan and
                  W. T. Marshall and R. C. Restrick},
  title =	 "Xunet2: A Nationwide Testbed in High-Speed
                  Networking",
  booktitle =	 "Proceedings of {IEEE INFOCOM'92}",
  address =	 {Firenze, Italy},
  month =	 may,
  pages =	 "582-589",
  year =	 1992,
}

@InProceedings{yau04ddp,
  author =	 "H. Sun and J. Lui and D. Yau",
  title =	 "Defending against Low-rate {TCP} Attack: Dynamic
                  Detection and Protection",
  booktitle =	 "Proceedings of IEEE ICNP '04",
  address =	 "Berlin, Germany",
  year =	 "2004",
  month =	 oct,
}

@article{zhang90oscil,
  author =	 "L. Zhang and D. Clark",
  title =	 "Oscillating Behavior of Network Traffic: A Case
                  Study Simulation",
  journal =	 "Internetworking: Research and Experience",
  volume =	 "1",
  number =	 "5",
  pages =	 "101--112",
  month =	 dec,
  year =	 "1990",
}

@INPROCEEDINGS{zheng-shin92,
  author =	 {Qin Zheng and Kang G. Shin},
  title =	 {Fault-tolerant realtime communication in distributed
                  computing systems},
  booktitle =	 {Digest of Papers, FTCS-22},
  address =	 {Boston, MA},
  pages =	 "86-93",
  month =	 jul,
  year =	 1992,
}

@INPROCEEDINGS{zipf99infocom,
  author =	 {L. Breslau and P. Cao and L. Fan and G. Phillips and
                  S. Shenker},
  title =	 {Web Caching and {Z}ipf-like Distributions:
                  Evidence and Implications},
  booktitle =	 {Proceedings of IEEE INFOCOM '99},
  year =	 1999,
  month =	 mar,
  address =	 {New York, NY},
}


