
@misc{routeviews,
    title = "{University of Oregon Route Views Archive Project}",
    note = {http://www.routeviews.org/}
}

@misc{plab,
    title = "{PlanetLab}",
    note = {http://www.planet-lab.org}
}

@misc{codeen,
    title = "{CoDeeN}",
    note = {http://codeen.cs.princeton.edu/}
}

@misc{pma,
    title = "{NLANR MOAT}",
    booktitle = "Passive Measurement and Analysis",
    year = {2003},
    month = may,
    note = {http://pma.nlanr.net/PMA/}
}

@article{IGI-PTR,
	author = {Hu, Ningning   and Steenkiste, P. },
	journal = {IEEE Journal on Selected Areas in Communications},
	number = {6},
	pages = {879--894},
	title = "{Evaluation and characterization of available bandwidth probing techniques}",
	volume = {21},
	year = {2003}
}

@inproceedings{Pathload,
	author = {Jain, Manish   and Dovrolis, Constantinos  },
	booktitle = {ACM SIGCOMM},
	title = "{End-to-end available bandwidth: Measurement methodology, dynamics, and relation with TCP throughput}",
    address = {Pittsburgh, PA},
	year = {2002},
    month = aug,
}

@inproceedings{pathChirp,
    author =        "V. Ribeiro and R. Riedi and R. Baraniuk and J. Navratil and L. Cottrell",
    title =         "{PathChirp: Efficient available bandwidth estimation for network paths}",
    booktitle =     "{PAM Workshop}",
    address =       {La Jolla, CA},
    month =         apr,
    year =          2003
}

@article{STAB,
    author =        "V. Ribeiro and R. Riedi and R. Baraniuk",
    title =         "{Locating available bandwidth bottlenecks}",
    journal =       "{IEEE Internet Computing}",
    month =         sep,
    year =          {2004},
    volume =        8,
    number =        5
}

@inproceedings{cing,
    author =        "Kostas Anagnostakis and Michael Greenwald and Raphael Ryger",
    title =         "{cing: Measuring network-internal delays using only existing infrastructure}",
    booktitle =     {IEEE INFOCOM},
    address =       {San Francisco, CA},
    month =         jun,
    year =          2003
}

@inproceedings{pchar,
	author = {Downey, Allen },
	title = "{Using Pathchar to estimate Internet link characteristics}",
	booktitle = {ACM SIGCOMM},
	address = {New York, NY},
	month = oct,
	year = {1999}
}

@inproceedings{Pathrate,
    author = "Constantinos Dovrolis and Parameswaran Ramanathan and David Moore",
    title = "{What do packet dispersion techniques measure?}",
    booktitle = "{IEEE INFOCOM}",
    year = "2001",
    month = apr,
    address = {Anchorage, AK},
}

@inproceedings{SProbe,
    author = "S. Saroiu and P. Gummadi and S. Gribble",
    title = "{Sprobe: A fast technique for measuring bottleneck bandwidth in uncooperative environments}",
    booktitle = {IEEE INFOCOM},
    year = "2002",
    month = jun,
    address = {New York, NY},
}

@inproceedings{CapProbe,
    author = {Rohit Kapoor and Ling Chen and Li Lao and Mario Gerla and M. Sanadidi},
    title = "{CapProbe: a simple and accurate capacity estimation technique}",
    booktitle = {ACM SIGCOMM},
    year = {2004},
    location = {Portland, OR},
    address = {New York, NY},
}

@article{packet-dispersion,
    author = {Constantinos Dovrolis and Parameswaran Ramanathan and David Moore},
    title = "{Packet-dispersion techniques and a capacity-estimation methodology}",
    journal = {IEEE/ACM ToN},
    volume = {12},
    number = {6},
    year = {2004},
    issn = {1063-6692},
    pages = {963--977},
    address = {Piscataway, NJ},
}

@article{poisson,
    author = {Dan Rubenstein and Jim Kurose and Don Towsley},
    title = "{Detecting shared congestion of flows via end-to-end measurement}",
    journal = {IEEE/ACM ToN},
    volume = {10},
    number = {3},
    year = {2002},
    issn = {1063-6692},
    pages = {381--395},
    address = {Piscataway, NJ},
}

@techreport{mnm,
    title = "{M\&M: a passive toolkit for measuring, correlating, and tracking path characteristics}",
    author = {Sachin Katti and Dina Katabi and Eddie Kohler and Jacob Strauss},
    number = {MIT-CSAIL-TR-945},
    year = {2004},
    month = apr,
}

@inproceedings{sipb,
    author = {Hao Jiang and Constantinos Dovrolis},
    title = "{Source-level IP packet bursts: causes and effects}",
    booktitle = {ACM IMC},
    year = {2003},
    location = {Miami Beach, FL},
    address = {New York, NY},
}


@article{tomo1,
	author = {Mark Coates and Alfred Hero and Robert Nowak and Bin Yu },
	journal = {IEEE Signal Processing Magazine},
	number = {3},
	pages = {47--65},
	title = "{Internet tomography}",
	volume = {19},
	year = {2002}
}

@article{tomo2,
	author = {Yolanda Tsang and Mark Coates and Robert Nowak },
	journal = {IEEE Transactions on Signal Processing},
	number = {8},
	pages = {2125--2136},
	title = "{Network delay tomography}",
	volume = {51},
    month = aug,
	year = {2003}
}

@inproceedings{tomo3,
    author = {Tian Bu and Nick Duffield and Francesco Presti and Don Towsley},
    title = "{Network tomography on general topologies}",
    booktitle = {ACM SIGMETRICS},
    year = {2002},
    location = {Marina Del Rey, California},
    address = {New York, NY},
}

@article{tomo4,
    author = "{A. Adams et al}",
    title = "{The use of end-to-end multicast measurements for characterizing internal network behavior}",
    journal = {IEEE Communications},
    year = {2000},
    month = may,
}

@inproceedings{tomo5,
    author = {Nick Duffield},
    title = "{Simple network performance tomography}",
    booktitle = {ACM IMC},
    year = {2003},
    location = {Miami Beach, FL},
    address = {New York, NY},
}

@article{tomo6,
    author = {Francesco Presti and N. Duffield and Joe Horowitz and Don Towsley},
    title = "{Multicast-based inference of network-internal delay distributions}",
    journal = {IEEE/ACM ToN},
    volume = {10},
    number = {6},
    year = {2002},
    issn = {1063-6692},
    pages = {761--775},
    address = {Piscataway, NJ},
}

@inproceedings{net-radar,
	address = {New York, NY},
	author = {Tsang, Yolanda   and Yildiz, Mehmet   and Barford, Paul   and Nowak, Robert},
	title = "{Network radar: tomography from round trip time measurements}",
	booktitle = {ACM IMC},
	year = {2004}
}

@inproceedings{rtt-tomo,
	author = {Yolanda Tsang and Mehmet Yildiz and Paul Barford and Robert Nowak.},
	booktitle = {IEEE ICC},
	title = "{On the performance of round trip time network tomography}",
    month = jun,
	year = {2006},
}

@techreport{fixclock,
    title = "{Fixclock: removing clock artifacts from communication timestamps}",
    author = {R. Ryger},
    institution = {Yale University},
    number = {DCS/TR-1243},
    year = {2003},
    month = mar,
}

@inproceedings{loss-pairs,
    author	= {Jun Liu and Mark Crovella},
    title		= "{Using loss pairs to discover network properties}",
    booktitle	= {ACM SIGCOMM IMW},
    address = {San Francisco, CA},
    year		= {2001},
    month		= nov,
}

@inproceedings{tomo-passive,
    author = {V. Padmanabhan and L. Qiu and H. Wang},
    title = "{Server-based inference of Internet link lossiness}",
    booktitle = {IEEE INFOCOM},
    year = {2003},
    month = apr,
    address = {San Francisco, CA},
}

@inproceedings{icmp-delay,
    author = "R. Govindan and V. Paxson",
    title = "{Estimating router ICMP generation delays}",
    booktitle = {PAM Workshop},
    year = {2002},
}

@inproceedings{icmp-delay2,
    author = "D. Papagiannaki and S. Moon and C. Fraleigh and P. Thiran and F. Tobagi  and C. Diot",
    title = "Analysis of measured single-hop delay from an operational backbone network",
    booktitle = {IEEE INFOCOM},
    year = {2002},
    month = jun,
    address = {New York, NY},
}

@article{fast04ToN,
    title = {{FAST TCP}: Motivation, Architecture, Algorithms, Performance},
    author = "D. Wei and C. Jin and S. Low and S. Hegde",
    month = Dec, 
    year = "2006",
    volume = "14",
    number = "6",
    pages = "1246-1259",
    journal = "IEEE/ACM Transactions on Networking",
}

@inproceedings{dtriggers,
  title = {A Wakeup Call for Internet Monitoring Systems: The Case for Distributed Triggers},
  author = {Ankur Jain and Joseph M. Hellerstein and Sylvia Ratnasamy and David Wetherall},
  booktitle = {HotNets},
  year = {2004},
  month = Nov,
  address = {San Diego, CA},
}

@inproceedings{pseer,
  title     = "{PlanetSeer}: Internet Path Failure Monitoring and Characterization in Wide-Area Services",
  author    = "Ming Zhang and Chi Zhang and Vivek Pai and Larry Peterson and Randy Wang",
  booktitle = "OSDI",
  address   = {San Francisco, CA},
  month     = "December",
  year      = "2004"
}

@inproceedings{bfind,
  title = {{An Empirical Evaluation of Wide-Area Internet Bottlenecks}},
  author = {A. Akella and S. Seshan and A. Shaikh},
  booktitle = {ACM SIGMETRICS},
  address = {San Diego, CA},
  month = Jun,
  year = {2003}
}

@inproceedings{cyclic,
  author = "Omer Gurewitz and Moshe Sidi",
  title = "Estimating One-way Delays from Cyclic-Path Delay Measurements",
  booktitle = "{IEEE INFOCOM}",
  year = "2001",
  month = apr,
  address = {Anchorage, AK}
}
