@inproceedings{privbrowse,
 author = {G. Aggarwal and E. Bursztein and C. Jackson and D. Boneh},
 title = {An analysis of private browsing modes in modern browsers},
 booktitle = {Proceedings of the 19th USENIX conference on Security},
 series = {USENIX Security'10},
 year = {2010},
 isbn = {888-7-6666-5555-4},
 location = {Washington, DC},
 pages = {6--6},
 numpages = {1},
 url = {http://dl.acm.org/citation.cfm?id=1929820.1929828},
 acmid = {1929828},
 publisher = {USENIX Association},
 address = {Berkeley, CA, USA},
} 

 @inproceedings{flashcookie,
 author = {M Ayenson and D Wambach and A Soltani and N good and C Hoffnagle},
 title = {Flash Cookies and Privacy {II}: Now with {HTML}5 and ETag Respawning},
 booktitle = {Social Science Research Network Working Paper Series},
 year = {2011},
 }

@misc{ftcreport,
key={Federal Trade Commission},
Author={{Federal Trade Commission}},
title = {Protecting Consumer Privacy in an Era of Rapid Change},
year = {2012},
month = {March},
}

@inproceedings{repriv,
 author = {M Fredrikson and B Livshits},
 title = {RePriv: Re-imagining Content Personalization and In-browser Privacy},
 booktitle = {Proceedings of the 2011 IEEE Symposium on Security and Privacy},
 series = {SP '11},
 year = {2011},
 isbn = {978-0-7695-4402-1},
 pages = {131--146},
 numpages = {16},
 url = {http://dx.doi.org/10.1109/SP.2011.37},
 doi = {10.1109/SP.2011.37},
 acmid = {2006763},
 publisher = {IEEE Computer Society},
 address = {Washington, DC, USA},
 keywords = {Privacy, Software Verification, Personalization, Web Applications},
} 

@article{econimpact,
  author    = {A. Goldfarb and C. Tucker},
  title     = {Privacy Regulation and Online Advertising},
  journal   = {Management Science},
  volume    = {57},
  number    = {1},
  year      = {2011},
  pages     = {57-71},
  ee        = {http://dx.doi.org/10.1287/mnsc.1100.1246},
  bibsource = {DBLP, http://dblp.uni-trier.de}
}

@misc{googlefaq,
author = {Google},
title = {How it Works: Ads Help},
year = {2012},
month = {Septempber},
howpublished = {\url{http://support.google.com/ads/bin/answer.py?hl=en&answer=2662749}},
}

@inproceedings{privad,
 author = {S. Guha and B. Cheng and P. Francis},
 title = {Privad: practical privacy in online advertising},
 booktitle = {Proceedings of the 8th USENIX conference on Networked systems design and implementation},
 series = {NSDI'11},
 year = {2011},
 location = {Boston, MA},
 pages = {13--13},
 numpages = {1},
 url = {http://dl.acm.org/citation.cfm?id=1972457.1972475},
 acmid = {1972475},
 publisher = {USENIX Association},
 address = {Berkeley, CA, USA},
} 

@inproceedings{privcrisis,
  author = {K. Gummadi and B. Krishnamurthy and A. Mislove},
  title = {Addressing the Privacy Management Crisis in Online Social Networks},
  booktitle = {Proceedings of the IAB Workshop on Internet Privacy},
  address = {Boston, MA},
  month = {December},
  year = {2010}
}

@inproceedings{folk1,
  author = {A. Hotho and R. Jäschke and C. Schmitz and G. Stumme},
  booktitle = {The Semantic Web: Research and Applications},
  editor = {Sure, York and Domingue, John},
  interhash = {10ec64d80b0ac085328a953bb494fb89},
  intrahash = {3c301945817681d637ee43901c016939},
  keywords = {},
  month = jun,
  pages = {411--426},
  publisher = {Springer},
  series = {Lecture Notes in Computer Science},
  title = {Information Retrieval in Folksonomies: Search and Ranking},
  url = {http://www.kde.cs.uni-kassel.de/pub/pdf/hotho2006information.pdf},
  volume = 4011,
  year = 2006
}

@inproceedings{browserstate,
 author = {C. Jackson and A. Bortz and D. Boneh and J. Mitchell},
 title = {Protecting browser state from web privacy attacks},
 booktitle = {Proceedings of the 15th international conference on World Wide Web},
 series = {WWW '06},
 year = {2006},
 isbn = {1-59593-323-9},
 location = {Edinburgh, Scotland},
 pages = {737--744},
 numpages = {8},
 url = {http://doi.acm.org/10.1145/1135777.1135884},
 doi = {10.1145/1135777.1135884},
 acmid = {1135884},
 publisher = {ACM},
 address = {New York, NY, USA},
 keywords = {phishing, privacy, web browser design, web spoofing},
} 

 @inproceedings{realworld,
 author = {A. Janc and L Olejnik},
 title = {Feasibility and real-world implications of web browser history detection.},
 booktitle = {W2SP},
 year = {2010},
 }

@inproceedings{javaflows,
 author = {D. Jang and R. Jhala and S. Lerner and H. Shacham},
 title = {An empirical study of privacy-violating information flows in JavaScript web applications},
 booktitle = {Proceedings of the 17th ACM conference on Computer and communications security},
 series = {CCS '10},
 year = {2010},
 isbn = {978-1-4503-0245-6},
 location = {Chicago, Illinois, USA},
 pages = {270--283},
 numpages = {14},
 url = {http://doi.acm.org/10.1145/1866307.1866339},
 doi = {10.1145/1866307.1866339},
 acmid = {1866339},
 publisher = {ACM},
 address = {New York, NY, USA},
 keywords = {JavaScript, dynamic analysis, history sniffing, information flow, privacy, rewriting, web application, web security},
} 

@inproceedings{iwatch,
 author = {C. Jensen and C. Sarkar and C. Jensen and C. Potts},
 title = {Tracking website data-collection and privacy practices with the iWatch web crawler},
 booktitle = {Proceedings of the 3rd symposium on Usable privacy and security},
 series = {SOUPS '07},
 year = {2007},
 isbn = {978-1-59593-801-5},
 location = {Pittsburgh, Pennsylvania},
 pages = {29--40},
 numpages = {12},
 url = {http://doi.acm.org/10.1145/1280680.1280686},
 doi = {10.1145/1280680.1280686},
 acmid = {1280686},
 publisher = {ACM},
 address = {New York, NY, USA},
 keywords = {P3P, cookies, data-collection practices, demographics, legislative impact, privacy, web-crawling, webbugs},
} 

@inproceedings{targetad,
 author = {A. Juels},
 title = {Targeted Advertising ... And Privacy Too},
 booktitle = {Proceedings of the 2001 Conference on Topics in Cryptology: The Cryptographer's Track at RSA},
 series = {CT-RSA 2001},
 year = {2001},
 isbn = {3-540-41898-9},
 pages = {408--424},
 numpages = {17},
 url = {http://dl.acm.org/citation.cfm?id=646139.680791},
 acmid = {680791},
 publisher = {Springer-Verlag},
 address = {London, UK, UK},
} 

 @inproceedings{disconnect,
 author = {M Ayenson and D Wambach and A Soltani and N good and C Hoffnagle},
 title = {Privacy Leakage vs. Protection Measures: the growing disconnect.},
 booktitle = {W2SP},
 year = {2011},
 }

@inproceedings{osntrack,
 author = {B. Krishnamurthy and C. Wills.},
 title = {Characterizing privacy in online social networks},
 booktitle = {Proceedings of the first workshop on Online social networks},
 series = {WOSN '08},
 year = {2008},
 isbn = {978-1-60558-182-8},
 location = {Seattle, WA, USA},
 pages = {37--42},
 numpages = {6},
 url = {http://doi.acm.org/10.1145/1397735.1397744},
 doi = {10.1145/1397735.1397744},
 acmid = {1397744},
 publisher = {ACM},
 address = {New York, NY, USA},
 keywords = {online social networks, privacy},
} 

@inproceedings{baladiffusion,
 author = {B. Krishnamurthy and C. Wills},
 title = {Privacy diffusion on the web: a longitudinal perspective},
 booktitle = {Proceedings of the 18th international conference on World wide web},
 series = {WWW '09},
 year = {2009},
 isbn = {978-1-60558-487-4},
 location = {Madrid, Spain},
 pages = {541--550},
 numpages = {10},
 url = {http://doi.acm.org/10.1145/1526709.1526782},
 doi = {10.1145/1526709.1526782},
 acmid = {1526782},
 publisher = {ACM},
 address = {New York, NY, USA},
 keywords = {privacy, privacy enhancing technologies},
} 

@inproceedings{mosnleak,
 author = {B. Krishnamurthy and C Wills.},
 title = {Privacy leakage in mobile online social networks},
 booktitle = {Proceedings of the 3rd conference on Online social networks},
 series = {WOSN'10},
 year = {2010},
 location = {Boston, MA},
 pages = {4--4},
 numpages = {1},
 url = {http://dl.acm.org/citation.cfm?id=1863190.1863194},
 acmid = {1863194},
 publisher = {USENIX Association},
 address = {Berkeley, CA, USA},
} 

@inproceedings{forsale,
 author = {C. Riederer and V. Erramilli and A. Chaintreau and B. Krishnamurthy and P. Rodriguez},
 title = {For sale : your data: by : you},
 booktitle = {Proceedings of the 10th ACM Workshop on Hot Topics in Networks},
 series = {HotNets-X},
 year = {2011},
 isbn = {978-1-4503-1059-8},
 location = {Cambridge, Massachusetts},
 pages = {13:1--13:6},
 articleno = {13},
 numpages = {6},
 url = {http://doi.acm.org/10.1145/2070562.2070575},
 doi = {10.1145/2070562.2070575},
 acmid = {2070575},
 publisher = {ACM},
 address = {New York, NY, USA},
 keywords = {markets, privacy, transactions},
} 

@inproceedings{trackingdetect,
 author = {F. Roesner and T. Kohno and D. Wetherall},
 title = {Detecting and defending against third-party tracking on the web},
 booktitle = {NSDI'12: Proceedings of the 9th USENIX conference on Networked Systems Design and Implementation},
 year = {2012},
 pages = {12--12},
 location = {San Jose, CA},
 publisher = {USENIX Association},
 address = {Berkeley, CA, USA},
 }
 
@incollection{folk2,
year={2006},
isbn={978-3-540-34415-5},
booktitle={Data Science and Classification},
series={Studies in Classification, Data Analysis, and Knowledge Organization},
editor={Batagelj, Vladimir and Bock, Hans-Hermann and Ferligoj, Anu≈°ka and ≈Ωiberna, Ale≈°},
doi={10.1007/3-540-34416-0_28},
title={Mining Association Rules in Folksonomies},
url={http://dx.doi.org/10.1007/3-540-34416-0_28},
publisher={Springer Berlin Heidelberg},
author={C. Schmitz and A. Hotho and R. J√§schke and G Stumme},
pages={261-270}
}

@article{odparticle,
author = {C. Sherman},
title = {Humans Do It Better:Inside the Open Directory Project},
journal = {ONLINE},
year = {2000},
volume = {24},
number = {4},
}

@inproceedings{browsercontrol,
 author = {K. Singh and A. Moshchuk and H. Wang and W. Lee},
 title = {On the Incoherencies in Web Browser Access Control Policies},
 booktitle = {Proceedings of the 2010 IEEE Symposium on Security and Privacy},
 series = {SP '10},
 year = {2010},
 isbn = {978-0-7695-4035-1},
 pages = {463--478},
 numpages = {16},
 url = {http://dx.doi.org/10.1109/SP.2010.35},
 doi = {10.1109/SP.2010.35},
 acmid = {1849991},
 publisher = {IEEE Computer Society},
 address = {Washington, DC, USA},
} 


 @inproceedings{flashcookieII,
 author = {A Soltani and S Canty and Q Mayo and L Thomas and C Hoofnagle},
 title = {Flash Cookies and Privacy},
 booktitle = {Social Science Research Network Working Paper Series},
 year = {2009},
 }
 
@ARTICLE{webtraffic, 
author={K. Thompson and G. Miller and R. Wilder}, 
journal={Network, IEEE}, title={Wide-area Internet traffic patterns and characteristics}, 
year={1997}, 
month={nov/dec}, 
volume={11}, 
number={6}, 
pages={10 -23}, 
keywords={Internet backbone traffic usage;NSF-sponsored vBNS;OC-3 trunks;flow duration;flow volume;high-performance low-cost monitoring system;network usage;packet sizes;percentage composition;protocol;topological complexity;wide-area Internet traffic patterns;workloads;Internet;monitoring;telecommunication network management;telecommunication traffic;}, 
doi={10.1109/65.642356}, 
ISSN={0890-8044},
}
 
@inproceedings{adnostic,
  added-at = {2011-08-31T00:00:00.000+0200},
  author = {V. Toubiana and A. Narayanan and D. Boneh and H. Nissenbaum and S. Barocas},
  biburl = {http://www.bibsonomy.org/bibtex/22fe913df1ceb5ceff6fb1fe42b3f4503/dblp},
  booktitle = {NDSS},
  ee = {http://www.isoc.org/isoc/conferences/ndss/10/pdf/05.pdf},
  interhash = {cdd4af0816314f24f3bd8905f18b337e},
  intrahash = {2fe913df1ceb5ceff6fb1fe42b3f4503},
  keywords = {dblp},
  publisher = {The Internet Society},
  timestamp = {2011-08-31T00:00:00.000+0200},
  title = {Adnostic: Privacy Preserving Targeted Advertising.},
  url = {http://dblp.uni-trier.de/db/conf/ndss/ndss2010.html#ToubianaNBNB10},
  year = 2010
}
 
 @inproceedings{hostfinger,
 author = {T.-F. Yen and Y. Xie and F. Yu and R. Yu and M. Abadi},
 title = {Host Fingerprinting and Tracking on the Web: Privacy and Security Implications},
 booktitle = {NDSS},
 year = {2012},
 }
 
 