@misc{ cplex,
    title = "ILOG CPLEX: High-performance software for mathematical programming and optimization",
    note = "http://www.ilog.com/products/cplex/",
}

@inproceedings{Wu:05,
 author = {Wu, Baoning and Davison, Brian D.},
 title = {Identifying link farm spam pages},
 booktitle = {WWW '05: Special interest tracks and posters of the 14th international conference on World Wide Web},
 year = {2005},
 isbn = {1-59593-051-5},
 pages = {820--829},
 location = {Chiba, Japan},
 doi = {http://doi.acm.org/10.1145/1062745.1062762},
 publisher = {ACM},
 address = {New York, NY, USA},
 }


@inproceedings{Gyongyi:06,
 author = {Gyongyi, Zoltan and Berkhin, Pavel and Garcia-Molina, Hector and Pedersen, Jan},
 title = {Link spam detection based on mass estimation},
 booktitle = {VLDB '06: Proceedings of the 32nd international conference on Very large data bases},
 year = {2006},
 pages = {439--450},
 location = {Seoul, Korea},
 publisher = {VLDB Endowment},
 }


@InProceedings{Benczur:05,
  title =   "SpamRank--Fully Automatic Link Spam Detection",
  author =  "Andr{\'a}s A. Bencz{\'u}r and K{\'a}roly Csalog{\'a}ny
         and Tam{\'a}s Sarl{\'o}s and M{\'a}t{\'e} Uher",
  year =    "2005",
  booktitle =   "AIRWeb",
  pages =   "25--38"
}

  %crossref =    "conf/airweb/2005",
  %URL =     "http://airweb.cse.lehigh.edu/2005/benczur.pdf",
  %bibdate = "2007-09-12",
  %bibsource =   "DBLP,
%         http://dblp.uni-trier.de/db/conf/airweb/airweb2005.html#BenczurCSU05",

@inproceedings{ Cho:04,
 author = {Cho, Junghoo and Roy, Sourashis},
 title = {Impact of search engines on page popularity},
 booktitle = {WWW '04: Proceedings of the 13th international conference on World Wide Web},
 year = {2004},
 isbn = {1-58113-844-X},
 pages = {20--29},
 location = {New York, NY, USA},
 doi = {http://doi.acm.org/10.1145/988672.988676},
 publisher = {ACM},
 address = {New York, NY, USA},
 }


@book{ Moran:marketing,
 author = {Moran, Mike and Hunt, Bill},
 title = {Search Engine Marketing, Inc.: Driving Search Traffic to Your Company's Web Site},
 year = {2005},
 isbn = {0131852922},
 publisher = {Prentice Hall PTR},
 address = {Upper Saddle River, NJ, USA},
 }


@Book{ Vapnik:00,
  author =  "N. Vladimir Vapnik",
  year =    "2000",
  publisher =   "Springer-Verlag, New York.",
  title =   "The Nature of Statistical Learning Theory",
}

@misc{ topseo,
    title = "TOPSEOs.com",
    note = "\url{http://www.topseos.com/}",
}

@misc{ seopros,
    title = "SeoPros.org",
    note = "\url{http://www.seopros.org/}",
}


@misc{ svm:rank,
    title = "SVM-rank Support Vector Machine",
    note = "\url{http://www.cs.cornell.edu/People/tj/svm_Flight/svm_rank.html}",
}


@misc{ seo:top10,
    title = "Google Algorithm's Top Ranking Factors",
    note = "\url{http://www.accuracast.com/seo-weekly/ranking-factors.php}",
}

@misc{ seo:top10-2,
    title = "Google Search Engine Ranking Factors, Ranked",
    note = "\url{http://www.wdil.org/resources/google-search-engine-ranking-factors-ranked-by-seo-professionals}",
}

@misc{ seo:brian,
    title = "Top 10 Most Important Google Ranking Factors ",
    note = "\url{http://blogs.myspace.com/index.cfm?fuseaction=blog.view&friendId=21196&blogId=493022330}",
}


@misc{ seo:top20,
    title = "Google's Top Search Engine Ranking Factors",
    note = "\url{http://lornali.com/online-marketing/seo/googles-top-search-engine-ranking-factors}",
}

@misc{ seo:breakdown,
    title = "A breakdown of Google's ranking factors",
    note = "\url{http://www.pronetadvertising.com/articles/a-breakdown-of-googles-ranking-factors.html}",
}

@misc{ seo:survey,
    title = "Top Google Ranking Factors",
    note = "\url{http://www.squidoo.com/topGoogleRankingFactors}",
}

@misc{ seo:g_factors,
    title = "Google Ranking Factors",
    note = "\url{http://www.vaughns-1-pagers.com/internet/google-ranking-factors.htm}",
}

@misc{ seo:factors,
    title = "Search Engine Ranking Factors",
    note = "\url{http://www.seomoz.org/article/search-ranking-factors}",
}

@misc{ google:webmaster,
    title = "Google Webmaster Tools",
    note  = "\url{http://www.google.com/webmasters/}",
}

@misc{ htmltidy,
    title = "HTML Tidy Library Project",
    note  = "\url{http://tidy.sourceforge.net/}",
}

@misc{ google:toolbar,
    title = "PageRank on Google Toolbar",
    note  = "\url{http://www.google.com/support/toolbar/bin/answer.py?hl=en&answer=79837}",
}

@misc{ google:trends,
    title = "Google Trends",
    note  = "\url{http://www.google.com/trends}",
}

@misc{ php_parser,
    title = "{PHP} Simple HTML DOM Parser",
    note = "\url{http://simplehtmldom.sourceforge.net}",
}

@InProceedings{joachims99,
  author =  "T.~Joachims",
  title =   "Making Large--Scale {SVM} Learning Practical",
  publisher =   "{MIT} Press",
  year =    "1999",
  pages =   "169--184",
  booktitle =   "Advances in Kernel Methods --- Support Vector Learning",
  editor =  "B. Sch{\"o}lkopf and C. J. C.~Burges and A. J.~Smola",
  address = "Cambridge, MA",
}


@misc{ html:valid,
    title = "Google SEO Test â€“ Google Prefers Valid HTML \& CSS",
    note  = "\url{http://www.hobo-web.co.uk/seo-blog/index.php/official-google-prefers-valid-html-css/}",
}

@misc{ html:key,
    title = "HTML Validation: the hidden key to SEO",
    note  = "\url{http://www.rsspieces.com/html-validation-the-hidden-key-to-seo}",
}

@misc{ blog:iptables,
    title = "Iptables dependency: why we got there and how we got out",
    note =
        "\url{http://www.zimbrablog.com/blog/archives/2005/11/iptables-dependency-why-we-got-there-and-how-}
    \url{we-got-out.html}",
}

@misc{ blog:rsync,
    title = "Rsync Version 3 Alpha Out - O'Reilly ONLamp Blog",
    note  = "\url{http://www.oreillynet.com/onlamp/blog/2007/10/rsync_version_3_alpha_out.html}",
}
