@inproceedings{Zegura96,
        author    = {Ellen Zegura and Kenneth Calvert and Samrat Bhattacharjee},
        title     = {{How to Model an Internetwork}},
        booktitle = {Proceedings of IEEE INFOCOM},
        year      = 1996,
        month     = {March}
}

@InProceedings{Narada,
        author    = {Yang-hua Chu and Sanjay G. Rao and Hui Zhang},
        title     = {{A Case for End System Multicast}},
        booktitle = {Proc. of ACM SIGMETRICS},
        year      = 2000
}
%        month     = {June}

@misc{Gnutella,
        key = "zzz",
	title     = {The {Gnutella} Protocol Specification},
	note      = {http://dss.clip2.com/GnutellaProtocol04.pdf},
	year      = 2000
}

@misc{Napster,
        key = "zzz",
	title     = {Napster},
	note      = {http://www.napster.com/},
        year      = {}
}

@misc{Akamai,
        key = "zzz",
	title     = {Akamai},
	note      = {http://www.akamai.com/},
        year      = {}
}

@misc{NetApp,
        key = "zzz",
	title     = {Network Applicance},
	note      = {http://www.netapp.com/},
        year      = {}
}

@misc{askjeeves,
        key = "zzz",
	title     = {Ask Jeeves Blog},
	note      = {http://blog.ask.com/2005/07/what\_feeds\_matt.html},
        year      = {}
}


@misc{Kazaa,
        key = "zzz",
	title	  = {Kazaa},
	note	  = {http://www.kazaa.com},
	year	  = {}
}

@misc{IRCache,
        key = "zzz",
	title	  = {IRCache Project},
	note	  = {http://www.ircache.net/},
	year	  = {}
}

@misc{Current:TV,
        key = "zzz",
	title	  = {Current TV},
	note	  = {http://www.current.tv},
	year	  = {}
}

@Inproceedings{Pastry,
	title     = {{Pastry: Scalable, Distributed Object Location and Routing for Large-Scale Peer-to-peer Systems}},
        author    = {Antony Rowstron and Peter Druschel},
	booktitle = {Proc. of ACM/IFIP/USENIX Middleware}, 
        year      = 2001,
        month     = {November},
}

@article{Tapestry,
        author    = {Ben Y. Zhao and Ling Huang and Jeremy Stribling and Sean C. Rhea and Anthony D. Joseph and John Kubiatowicz},
        title     = {{Tapestry: A Resilient Global-Scale Overlay for Service Deployment}},
        journal  = "IEEE JSAC",
        year     = "2004"
}

@inproceedings{Chord,
        title     = {{Chord: A Scalable Peer-to-peer Lookup Service for Internet Applications}},
        author    = {Ion Stoica and Robert Morris and David Karger and M. Frans Kaashoek and Hari Balakrishnan},
        booktitle = {Proc. of ACM SIGCOMM},
        year      = 2001,
        month     = {August},
}

@InProceedings{CAN,
        author    = {Sylvia Ratnasamy and Paul Francis and Mark Handley and Richard Karp and Scott Schenker},
	Title     = {{A Scalable Content-Addressable Network}},
	Booktitle = {Proc. of ACM SIGCOMM},
	Year      = 2001,
        Month     = {August},
}

@BOOK{CLR90,
        AUTHOR    = {Thomas H. Cormen and Charles E. Leiserson and Ronald L. Rivest and Clifford Stein},
        TITLE     = {{Introduction to Algorithms}},
        PUBLISHER = {The MIT Press},
        YEAR      = 1990,
        ADDRESS   = {Cambridge, MA}
}

@InProceedings{Tangmunarunkit01infocom,
        author    = {Hongsuda Tangmunarunkit and Ramesh Govindan and Scott Shenker and Deborah Estrin},
        title     = {{The Impact of Routing Policy on Internet Paths}},
        booktitle = {Proc. of IEEE INFOCOM},
        year      = 2001,
        month     = {April},
        address   = {Alaska, USA}
}

@inproceedings{Govindan00,
        author    = {Ramesh Govindan and Hongsuda Tangmunarunkit},
        title     = {{Heuristics for Internet Map Discovery}},
        booktitle = {Proc. of IEEE INFOCOM},
        pages     = {1371-1380},
        year      = 2000,
        address   = {Tel Aviv, Israel},
        month     = {March},
}

@inproceedings{landmark,
        author    = {Paul F. Tsuchiya},
        title     = {{The Landmark Hierarchy: A New Hierarchy for Routing in Very Large Networks}},
        booktitle = {Proc. of ACM SIGCOMM},
        year      = 1988,
        address   = {Stanford, California}
}

@InProceedings{host-multicast,
        author    = {Beichuan Zhang and Sugih Jamin and Lixia Zhang},
        title     = {{Host Multicast: A Framework for Delivering Multicast To End Users}},
        booktitle = {Proc. of IEEE INFOCOM},
        month     = {June},
        year      = 2002
}

@InProceedings{mcast-overlay,
        author    = {Sherlia Y. Shi and Jonathan S. Turner},
        title     = {{Routing in Overlay Multicast Networks}},
        booktitle = {Proc. of IEEE INFOCOM},
        month     = {June},
        year      = 2002
}

@Inproceedings{p2p-open-questions,
        author    = {Sylvia Ratnasamy and Scott Shenker and Ion Stoica},
        title     = {{Routing Algorithms for DHTs: Some Open Questions}},
        booktitle = {Proceedings of IPTPS},
        year      = 2002,
        month     = {March}
}

@inproceedings{i3,
        title     = {{Internet Indirection Infrastructure}},
        author    = {Ion Stoica and Daniel Adkins and Shelley Zhaung and Scott Shenker and Sonesh Surana},
        booktitle = {Proceedings of ACM SIGCOMM},
        year      = 2002,
        month     = {August},
        address   = {Pittsburgh, Pennsylvania}
}

@inproceedings{IDMaps-INFOCOM99,
        title     = {{An Architecture for a Global Internet Host Distance Estimation Service}},
        author    = {Paul Francis and Sugih Jamin and Vern Paxson and Lixia Zhang and Daniel Gryniewicz and Yixin Jin},
        booktitle = {Proceedings of IEEE INFOCOM},
        year      = 1999,
        month     = {March}
}

@inproceedings{GNP,
        title     = {{Predicting Internet Network Distance with Coordinates-Based Approaches}},
        author    = {T. S. Eugene Ng and Hui Zhang},
        booktitle = {Proceedings of IEEE INFOCOM},
        year      = 2002,
        month     = {June}
}

@inproceedings{gia-SIGCOMM03,
	title	  = {{Making Gnutella-like P2P Systems Scalable}},
	author	  = {Yatin Chawathe and Sylvia Ratnasamy and Lee Breslau and Nick Lanham and Scott Shenker},
	booktitle = {Proceedings of ACM SIGCOMM},
	year	  = 2003,
	month	  = {August}
}

@inproceedings{probabilistic-routing-Infocom02,
	title	  = {{Probabilistic Routing and Location}},
	author	  = {Sean C. Rhea and John Kubiatowicz},
	booktitle = {Proceedings of IEEE INFOCOM},
	year	  = 2002,
	month	  = {June}
}

@article{Gnutella-topology,
	author    = {Matei Ripeanu and Ian Foster and Adriana Iamnitchi},
	title     = {{Mapping the Gnutella Network: Properties of Large-Scale Peer-to-Peer Systems and Implications for System }},
	journal   = {IEEE Internet Computing Journal},
	volume    = 6,
	number	  = 1,
	year	  = 2002
}

@inproceedings{Bullet03,
	author	  = {Dejan Kostic and Adolfo Rodriguez and Jeannie Albrecht and Amin Vahdat},
	title	  = {{Bullet: High Bandwidth Data Dissemination Using an Overlay Mesh}},
	booktitle = {Proc. of ACM SOSP},
	year	  = 2003
}

%	month	  = {October}

@inproceedings{Ransub03,
	title	  = {{Using Random Subsets to Build Scalable Network Services}},
	author	  = {Dejan Kostic and Adolfo Rodriguez and Jeannie Albrecht and Abhijeet Bhirud and Amin Vahdat},
	booktitle = {Proceedings of USENIX USITS},
	year	  = 2003,
	month	  = {March}
}

@inproceedings{Modelnet02,
	title	  = {{Scalability and Accuracy in a Large-Scale Network Emulator}},
	author	  = {Amin Vahdat and Ken Yocum and Kevin Walsh and Priya Mahadevan and Dejan Kostic and Jeff Chase and David Becker},
	booktitle = {Proc. of OSDI},
	year	  = 2002,
	month	  = {December}
}

@inproceedings{Planetlab,
	title	  = {{A Blueprint for Introducing Disruptive Technology Into the Internet}},
	author	  = {Larry Peterson and Tom Anderson and David Culler and Timothy Roscoe},
	booktitle = {Proc. of ACM HotNets},
	year	  = 2002

}
%	month	  = {October}

@inproceedings{Saroiu-MMCN02,
	title	  = {{A Measurement Study of Peer-to-Peer File Sharing Systems}},
	author	  = {Stefan Saroiu and P. Krishna Gummadi and Steven D. Gribble},
	booktitle = {Proceedings of SPIE MMCN},
	year	  = 2002,
	month	  = {January}
}

@inproceedings{Gummadi:sosp2003,
	title	  = {{Measurement, Modeling, and Analysis of a Peer-to-Peer File-Sharing Workload}},
	author	  = {Krishna P. Gummadi and Richard J. Dunn and Stefan Saroiu and Steven D. Gribble and Henry M. Levy and John Zahorjan},
	booktitle = {Proc of {ACM SOSP}},
	year	  = 2003
}

@article{Detour,
	title	  = {{Detour: A Case for Informed Internet Routing and Transport}},
	author	  = {Stefan Savage and Tom Anderson and Amit Aggarwal and David Becker and Neal Cardwell and Andy Collins and Eric Hoffman and John Snell and Amin Vahdat and Geoff Voelker and John Zahorjan},
	journal   = {IEEE Micro},
	volume	  = {19},
	pages	  = {50-59},
	month	  = {January},
	year	  = {1999}
}

@inproceedings{RON,
	title	  = {{Resilient Overlay Networks}},
	author	  = {David G. Andersen and Hari Balakrishnan and M. Frans Kaashoek and Robert Morris},
	booktitle = {Proc. of ACM SOSP},
	year	  = 2001
}
%	month	  = {October},

@inproceedings{Vivaldi,
	title	  = {{Vivaldi: A Decentralized Network Coordinate System}},
	author	  = {Frank Dabek and Russ Cox and Frans Kaashoek and Robert Morris},
	booktitle = {Proceedings of ACM SIGCOMM},
	month	  = {August},
	year	  = 2004
}

@inproceedings{PIC,
	title	  = {{PIC: Practical Internet Coordinates for Distance Estimation}},
	author	  = {Manuel Costa and Miguel Castro and Antony Rowstron and Peter Key},
	booktitle = {Proceedings of IEEE ICDCS},
	month	  = {March},
	year	  = 2004
}

@inproceedings{NPS,
	title	  = {{A Network Positioning System for the Internet}},
	author	  = {T. S. Eugene Ng and Hui Zhang},
	booktitle = {Proceedings of USENIX},
	month	  = {June},
	year	  = 2004
}

@inproceedings{Lighthouse,
	title	  = {{Lighthouses for Scalable Distributed Location}},
	author	  = {Marcelo Pias and Jon Crowcroft and Steve Wilbur and Tim Harris and Saleem Bhatti},
	booktitle = {Proceedings of IPTPS},
	month	  = {February},
	year	  = 2003
}

@inproceedings{Crovella03,
	title	  = {{Virtual Landmarks for the Internet}},
	author	  = {Liying Tang and Mark Crovella},
	booktitle = {Proceedings of IMC},
	month	  = {October},
	year	  = 2003
}

@inproceedings{Saxons,
	title	  = {{Structure Management for Scalable Overlay Service Construction}},	
	author	  = {Kai Shen},
	booktitle = {Proceedings of NSDI},
	year	  = 2004,
	month	  = {March}
}

@misc{planetlab2,
	author     = {PlanetLab},
	note       = {http://www.planet-lab.org}
}

@misc{ron2,
	author     = {RON},
	note       = {http://nms.csail.mit.edu/ron/sites/}
}


@inproceedings(padhye98tcp,
  author="J. Padhye and V. Firoiu and D. Towsley and J. Kurose",
  title="Modeling {TCP Throughput: A Simple Model and its Empirical Validation}",
  booktitle="Proc. of ACM SIGCOMM",
  year="1998"
)

@inproceedings(Cac91,
  author="R. Caceres and P. Danzig and S. Jamin and D. Mitzel",
  title="Characteristics of {Wide-Area TCP/IP Conversations}",
  booktitle="Proc. of ACM SIGCOMM",
  year="1991"
)

@article(STP,
   Author="T. Henderson and R. Katz",
   Title="Transport {Protocols for Internet-Compatible Satellite Networks}",
   Journal="IEEE JSAC",
   Year="1999"
)

@inproceedings(zhong05randsub,
  author="Ming Zhonga and Kai Shen and Joel Seiferas",
  title="{Non-uniform Random Membership Management in Peer-to-Peer Networks}",
  booktitle="Proc. of IEEE INFOCOM",
  month = "March",
  year="2005"
)

@inproceedings{SOSR04,
	title	  = {{Improving the Reliability of Internet Paths with One-hop Source Routing}},
	author	  = {Krishna P. Gummadi and Harsha Madhyastha and Steven D. Gribble and Henry M. Levy and David J. Wetherall},
	booktitle = {Proc. of OSDI},
	year	  = 2004
}

@inproceedings{ITCP,
    title = "{I-{TCP}}: {Indirect {TCP}} for Mobile Hosts",
    author = "Ajay Bakre and B. R. Badrinath",
    booktitle = "Proc. of ICDCS",
    year = "1995",
}

@article{cohen98proxies,
    author = "Reuven Cohen and Srinivas Ramanathan",
    title = "{Using Proxies to Enhance TCP Performance over Hybrid Fiber Coaxial Networks}",
    journal = "IEEE/ACM Trans. Netw.",
    volume = "6",
    number = "1",
    month = "February",
    year = "1998"
}


@inproceedings(ROMA,
  author="Gu-In Kwon and John W. Byers",
  title="{ROMA: Reliable Overlay Multicast with Loosely Coupled TCP Connections}",
  booktitle="Proc. of INFOCOM",
  year="2004"
)
%  month = "March",

@inproceedings{SplitTCP,
  author = "S. Kopparty and S. Krishnamurthy and M. Faloutsos and S. Tripathi",
  title = "Split-TCP for Mobile Ad Hoc Networks",
  booktitle = "Proc. of GLOBECOM",
  year = "2002"
}

@inproceedings{TPOT,
    author = "Pablo Rodriguez and Sandeep Sibal and Oliver Spatscheck",
    title = "{TPOT}: translucent proxying of {TCP}",
    booktitle = "Proc. of WCW",
    year = "2000"
}

@inproceedings{swany04grid,
    author = "Martin Swany",
    title = "{Improving Throughput for Grid Applications with Network Logistics}",
    booktitle = "Proc. of SC",
    year = "2004"
}

@inproceedings{savage99path,
 author = {Stefan Savage and Andy Collins and Eric Hoffman and John Snell and Thomas Anderson},
 title = {The end-to-end effects of Internet path selection},
 booktitle = {Proc. of ACM SIGCOMM},
 year = {1999}
}

@inproceedings{mTCP04,
	title	  = {A Transport Layer Approach for Improving End-to-End Performance and Robustness Using Redundant Paths},
	author	  = {Ming Zhang and Junwen Lai and Arvind Krishnamurthy and Larry Peterson and Randolph Wang},
	booktitle = {Proc. of USENIX},
	year	  = 2004
}
%	month	  = {June},

@inproceedings{qiu03selfish,
 author = {Lili Qiu and Yang Richard Yang and Yin Zhang and Scott Shenker},
 title = {On Selfish Routing in {Internet}-Like Environments},
 booktitle = {Proc. of ACM SIGCOMM},
 year = {2003}
}
% month = {August},

@article{dummynet,
    author = "Luigi Rizzo",
    title = "Dummynet: a simple approach to the evaluation of network protocols",
    journal = "ACM Computer Communication Review",
    volume = "27",
    number = "1",
    pages = "31--41",
    year = "1997"
}

@misc{ttcp,
        key = "zzz",
	title     = {{ttcp}},
	note      = {ftp://ftp.sgi.com/sgi/src/ttcp}
}
%        year      = {1993}

@misc{netfilter,
        key = "zzz",
	title     = {{Netfilter}},
	note      = {http://www.netfilter.org}
}

@article{feldmann01ton,
 author = {Anja Feldmann and Albert Greenberg and Carsten Lund and Nick Reingold and Jennifer Rexford and Fred True},
 title = {Deriving traffic demands for operational {IP} networks: methodology and experience},
 journal = {IEEE/ACM Trans. Netw.},
 volume = {9},
 number = {3},
 year = {2001},
 pages = {265--280}
 }

@inproceedings{zhang02sigcomm,
 author = {Yin Zhang and Lee Breslau and Vern Paxson and Scott Shenker},
 title = {On the characteristics and origins of internet flow rates},
 booktitle = {Proc. of ACM SIGCOMM},
 year = {2002}
}

@inproceedings{nakao:sigcomm03,
 author = {Akihiro Nakao and Larry Peterson and Andy Bavier},
 title = {A routing underlay for overlay networks},
 booktitle = {Proc. of ACM SIGCOMM},
 year = {2003}
}

@inproceedings{semke98sigcomm,
 author = {Jeffrey Semke and Jamshid Mahdavi and Matthew Mathis},
 title = {Automatic {TCP} buffer tuning},
 booktitle = {Proc. of ACM SIGCOMM},
 year = {1998}
}

@inproceedings{dunigan02sc,
 author = {Tom Dunigan and Matt Mathis and Brian Tierney},
 title = {A {TCP} tuning daemon},
 booktitle = {Proc. of SC},
 year = {2002}
}

@inproceedings{sivakumar00psockets,
 author = {H. Sivakumar and S. Bailey and R. L. Grossman},
 title = {PSockets: the case for application-level network striping for data intensive applications using high speed wide area networks},
 booktitle = {Proc. of SC},
 year = {2000}
}

@inproceedings{hsieh02ptcp,
 author = {Hung-Yun Hsieh and Raghupathy Sivakumar},
 title = {A transport layer approach for achieving aggregate bandwidths on multi-homed mobile hosts},
 booktitle = {Proc. of ACM MobiCom},
 year = {2002}
 }

@misc{floyd,
 author = {Sally Floyd},
 title = {{HighSpeed TCP for Large Congestion Windows}},
 booktitle = {RFC 3649},
 year = {2003}
}

@article{scalabletcp,
 author = {Tom Kelly},
 title = {Scalable {TCP}: {I}mproving performance in highspeed wide area networks},
 journal = {Comput. Commun. Rev.},
 volume = {33},
 number = {2},
 year = {2003},
 pages = {83--91}
}

@misc{nmap,
	title     = {{nmap}},
	note      = {http://www.insecure.org/nmap}
}



@InProceedings{Banerjee_PAM_2004,
   Author      = "Suman Banerjee and Timothy G. Griffin and Marcelo Pias",
   Title       = "{The Interdomain Connectivity of PlanetLab Nodes}",
   Booktitle   = "Proc. of PAM",
   Year        = 2004
}
%   Month       = "April",

@Book{CLR,
  author = 	"CLR",
  title = 	"Introduction to Algorithms",
  publisher = 	"Prentice Hall",
  year = 	"1987"
}

@inproceedings(liu:infocom05,
  author="Yong Liu and Honggang Zhang and Weibo Gong and Don Towsley",
  title="On the Interaction Between Overlay Routing and Traffic Engineering",
  booktitle="Proc. of INFOCOM",
  year="2005"
)
%  month = "March",


@inproceedings{Keralapura:hotnets04,
	title	  = {Can {ISPs} take the heat from Overlay Networks?},
	author	  = {Ram Keralapura and Nina Taft and Chen-Nee Chuah  and Gianluca Iannaccone},
	booktitle = {Proc. of HotNets},
	year	  = 2004

}
%	month	  = {November}

@inproceedings{distance,
	title	  = {Distance Metrics in the Internet},
	author	  = {Bradley Huffaker and Marina Fomenkov and Daniel J. Plummer and David Moore and K. Claffy},
	booktitle = {Proc. of IEEE ITS},
	year	  = 2002
}

@article{birmanesm,
 author = {Kenneth P. Birman and Mark Hayden and Oznur Ozkasap and Zhen Xiao and Mihai Budiu and Yaron Minsky},
 title = {Bimodal multicast},
 journal = {ACM Trans. Comput. Syst.},
 volume = {17},
 number = {2},
 year = {1999}
 }

@inproceedings{overcast,
    author = "John Jannotti and David K. Gifford and Kirk L. Johnson and M. Frans Kaashoek and James W. {{O'Toole}, Jr.}",
    title = "Overcast: Reliable Multicasting with an Overlay Network",
    booktitle = {Proc. of OSDI},
    year = 2000
}
 
@inproceedings{nice-SIGCOMM02,
       title = {Scalable Application Layer Multicast},
       author = {Suman Banerjee and Bobby Bhattacharjee and Christopher Kommareddy},
       booktitle = {Proc. of ACM SIGCOMM},
       year = 2002
}

@inproceedings{banerjee05,
       title = {Fast Replication in Content Distribution Overlays},
       author = {Samrat Ganguly and Akhilesh Saxena and Sudeept Bhatnagar and Suman Banerjee and Rauf Izmailov},
       booktitle = {Proc. of IEEE INFOCOM}, 
       year =  2005
}

@inproceedings{castro03,
  title = {{SplitStream: High-Bandwidth Multicast in Cooperative Environments}}, 
  author = {Miguel Castro and Peter Druschel and Anne-Marie Kermarrec and Animesh Nandi and Antony Rowstron and Atul Singh}, 
  booktitle = {Proc. of {ACM} SOSP}, 
  year = {2003}
}
 % month = {October}, 
  
@inproceedings{kim03,
  title     = {Optimal Distribution Tree for Internet Streaming Media.},
  author    = {Min Sik Kim and Simon S. Lam and Dong-Young Lee},
  booktitle = {Proc. of ICDCS},
  year      = {2003}
}
 

@inproceedings{cohen01,
  title = {A unicast-based approach for streaming multicast}, 
  author = {Reuven Cohen and Gideon Kaempfer},
  booktitle = {Proc. of  IEEE INFOCOM},
  year =  2001
}
% - The Conference on Computer Communications, no. 1, April 2001, pp. 440 - 448

@inproceedings{byers02,
   title = {Informed Content Delivery Across Adaptive Overlay Networks},
   author = {John W. Byers and Jeffrey Considine and Michael Mitzenmacher and Stanislav Rost},
   booktitle = {Proc. of ACM SIGCOMM},
   year =   2002
}
%August 2002

@inproceedings{He:sigcomm2005,
   title = {On the Predictability of Large Transfer TCP Throughput}, 
   author = {Qi He and Constantinos Dovrolis and Mostafa Ammar},
   booktitle = {Proc. of ACM SIGCOMM},
   year = 2005
}

@inproceedings{yajnik96,
   title = {Packet Loss Correlation in the MBone Multicast Network},
   author = { M. Yajnik and Jim Kurose and Don Towsley},
   booktitle = {Proc. of IEEE Global Internet Conference}, 
   year = 1996
}
%november

@inproceedings{cardwell00,
    author = "Neal Cardwell and Stefan Savage and Thomas Anderson",
    title = "Modeling {TCP} Latency",
    booktitle = {Proc. of IEEE INFOCOM},
    year = "2000"
}

@article{ mathis97,
    author = "M. Mathis and J. Semke and J. Mahdavi",
    title = "The Macroscopic Behavior of the {TCP} Congestion Avoidance Algorithm",
    journal = "Computer Communications Review",
    volume = "27",
    number = "3",
    year = "1997"
}

@inproceedings{garetto01,
    author = "Michele Garetto and Renato Lo Cigno and Michela Meo and Marco Ajmone Marsan",
    title = {A Detailed and Accurate Closed Queueing Network Model of Many Interacting {TCP} Flows},
    booktitle = {Proc. of IEEE INFOCOM},
    year = "2001"
}

@article{sikdar03,
 author = {Biplab Sikdar and Shivkumar Kalyanaraman and Kenneth S. Vastola},
 title = {Analytic models for the latency and steady-state throughput of TCP tahoe, Reno, and SACK},
 journal = {IEEE/ACM Trans. Netw.},
 volume = {11},
 number = {6},
 year = {2003},
 pages = {959--971}
}

@inproceedings{baccelli04,
  author = "F. Baccelli and K. B. Kim",
  title = {TCP Throughput Analysis under Transmission Error and Congestion Losses},
  booktitle = {Proc. of IEEE INFOCOM},
  year = "2004"
}

@article{ wolski98,
    author = "Rich Wolski and Neil T. Spring and Jim Hayes",
    title = {The Network Weather Service: A Distributed Resource Performance Forecasting Service for Metacomputing},
    journal = "Future Generation Computer Systems",
    volume = "15",
    number = "5--6",
    pages = "757--768",
    year = "1998"
}

@inproceedings{swany02,
  author = "M. Swany and R. Wolski",
  title = {Multivariate Resource Performance Forecasting in the Network Weather Service},
  booktitle = {Proc. of SC},
  year = "2002"
}

@inproceedings{vazhkudai02,
  author = "S. Vazhkudai and J. Schopf and I. Foster",
  title = {Predicting the Performance of Wide Area Data Transfers},
  booktitle = "Proc. of IEEE IPDPS 2002",
  year = "2002"
}

@inproceedings{PredictTCP05,
        title     = {On the predictability of large transfer {TCP} throughput},
        author    = {Qi He and Constantinos Dovrolis and Mostafa Ammar},
        booktitle = {Proc. of ACM SIGCOMM},
        year      = 2005
}

@inproceedings{ALMI01,
	title	  = {{ALMI: An Application Level Multicast Infrastructure}},
	author	  = {Dimitrios Pendarakis and Sherlia Shi and Dinesh Verma and Marcel Waldvogel},
	booktitle = {Proceedings of USENIX USITS},
	year	  = 2001,
	month	  = {March}
}

@inproceedings{CoopNet-ICNP03,
	author	  = {Venkata N. Padmanabhan and Helen J. Wang and Philip A. Chou},
	title	  = {{Resilient Peer-to-Peer Streaming}},
	booktitle = {Proceedings of IEEE ICNP},
	month	  = {November},
	year	  = 2003
}

@inproceedings{Andersen:nsdi2005,
   author = {David G. Andersen and Hari Balakrishnan and M. Frans Kaashoek
	and Rohit Rao},
   title = {Improving {W}eb Availability for Clients with {MONET}},
   booktitle = {Proc. of NSDI},
   year = {2005}
}

@techreport{slottechrep,
        author    = {H.~Pucha and Y.~C.~Hu},
        title     = {{Slot: Shortened Loop Overlay Transport}},
        year      = 2005,
        month     = {July},
        institution = {TR-ECE-05-12, Purdue University}
}
%note      = {\url{http://shay.ecn.purdue.edu/~dsnl/slot.pdf}},
%text = "H.~Pucha and Y.~C.~Hu Slot: Shortened Loop Overlay Transport. Purdue University Tech Report Jan 2005 url:http://shay.ecn.purdue.edu/~dsnl/slot.pdf"

@inproceedings{Katabi:sigcomm2002,
 author = {Dina Katabi and Mark Handley and Charlie Rohrs},
 title = {Congestion control for high bandwidth-delay product networks},
 booktitle = {Proc. of ACM SIGCOMM},
 year = {2002}
}

@misc{Kohler:DCCP,
  author = "E. Kohler and M. Handley and S. Floyd",
  title = "{Datagram Congestion Control Protocol (DCCP)}",
  year = "2005",
  note = {Internet Draft draft-ietf-dccp-spec-11.txt},
}

@inproceedings{Xia:sigcomm2005,
 author = {Yong Xia and Lakshminarayanan Subramanian and Ion Stoica and Shivkumar Kalyanaraman},
 title = {One more bit is enough},
 booktitle = {Proc. of ACM SIGCOMM},
 year = {2005}
}

@inproceedings{Wong:sigcomm2005,
 author = {Bernard Wong and Aleksandrs Slivkins and Emin G\&\#252;n Sirer},
 title = {Meridian: a lightweight network location service without virtual coordinates},
 booktitle = {Proc. of ACM SIGCOMM},
 year = {2005}
}

@misc{slotweb,
        key = "zzz",
	title     = {Slot},
	note      = {http://www.slot-net.org/}
}

@misc{squidweb,
        key = "zzz",
	title     = {Squid web proxy cache},
	note      = {http://www.squid-cache.org/}
}

@misc{Bittorrent,
        key = "zzz",
	title     = {BitTorrent},
	note      = {http://bitconjurer.org/BitTorrent}
}

@inproceedings{credence,
  author = "K. Walsh and E. G.Sirer",
  title = "{Fighting Peer-to-Peer SPAM and Decoys with Object Reputation}",
  booktitle = " Proc. of p2pecon",
  year = "2005"
}

@inproceedings{p2prep,
  author = "E. Damiani and D. Vimercati and S. Paraboschi and P. Samarati and F. Violante",
  title = "{A reputation-based approach for choosing reliable resources in peer-to-peer networks}",
  booktitle = " Proc. of ACM CCS",
  year = "2002"
}


@misc{Dongen:MCL,
        author    ={Stijn van Dongen},
	title     = {Graph Clustering by Flow Simulation},
	note      = {PhD thesis, University of Utrecht, May 2000}
}

@inproceedings{Jin:infocom2004,
  author = "C. Jin and D. Wei and S. Low",
  title = "{FAST TCP: Motivation, Architecture, Algorithms, Performance}",
  booktitle = "Proc. of IEEE INFOCOM",
  year = "2004"
}

@techreport{Nakao:MSB,
        author    = {Akihiro Nakao and Limin Wang and Larry Peterson},
        title     = {{MSB: Media Streaming Booster}},
        year      = 2002,
        month     = {December},
        institution = {Princeton University CS TR-666-02}
}

@techreport{Chen:Tomography,
        author    = {Y. Chen and D. Bindel and H. Song and R. H. Katz},
        title     = {{Tomography-based Overlay Network Monitoring}},
        year      = 2003,
        month     = {June},
        institution = {UCB TR CSD-03-1252}
}

@TechReport{Peterson:PSP,
   Author      = "Larry Peterson",
   Title       = "{Commercialization of PlanetLab: A Whitepaper}",
   Institution = "PlanetLab Consortium",
   Number      = "PDN--05--027",
   Month       = "June",
   Year        = 2005
}


@article{Xie:ton04,
 author = {Feng Xie and Joseph L. Hammond and Daniel L. Noneaker},
 title = {Steady-state analysis of a split-connection scheme for internet access through a wireless terminal},
 journal = {IEEE/ACM Trans. Netw.},
 volume = {12},
 number = {3},
 year = {2004}
 }

@article{parekh1,
 author = {A. Parekh and R. Gallagher},
 title = {A Generalized Processor Sharing Approach to Flow Control-The Single Node Case},
 journal = {IEEE/ACM Trans. Netw.},
 volume = {1},
 number = {3},
 year = {1993}
 }

@article{parekh2,
 author = {A. Parekh and R. Gallagher},
 title = {A Generalized Processor Sharing Approach to Flow Control-The Multiple Node Case},
 journal = {IEEE/ACM Trans. Netw.},
 volume = {2},
 number = {2},
 year = {1993}
 }

@techreport{dovrolis97selection,
        author    = {K. Dovrolis and M. Vedarn and P. Ramanathan},
        title     = {{The Selection of the Token Bucket Parameters in the IETF Guaranteed Service Class}},
        year      = 1997,
        month     = {November},
        institution = {Department of ECE, University of Wisconsin-Madison}
}

@inproceedings{eigentrust1,
    author = "Sepandar D. Kamvar and Mario T. Schlosser and Hector Garcia-Molina",
    title = "{Incentives for Combatting Freeriding on P2P Networks}",
    booktitle = "Proc. of Euro-par",
    year = "2003"
}

@inproceedings{eigentrust2,
    author = "Sepandar D. Kamvar and Mario T. Schlosser and Hector Garcia-Molina",
    title = "{The EigenTrust Algorithm for Reputation Management in P2P Networks}",
    booktitle = "Proc. of WWW",
    year = "2003"
}


@inproceedings{incentivedruschel,
    author = "Tsuen-Wan ``Johnny'' Ngan and Animesh Nandi and Atul Singh and Dan Wallach and Peter Druschel",
    title = "{On designing incentives-compatible peer-to-peer systems}",
    booktitle = "Proc. of FuDiCo II",
    year = "2004"
}



@inproceedings{Banga:usits97,
    author = "Gaurav Banga and Peter Druschel",
    title = "{Measuring the Capacity of a Web Server}",
    booktitle = "Proc. of USITS",
    year = "1997"
}



@inproceedings{Ng:infocom2002,
        title     = {{Predicting Internet Network Distance with Coordinates-Based Approaches}},
        author    = {T. S. Eugene Ng and Hui Zhang},
        booktitle = {Proc. of IEEE INFOCOM},
        year      = 2002
}

@inproceedings{Dabek:sigcomm2004,
	title	  = {{Vivaldi: A Decentralized Network Coordinate System}},
	author	  = {Frank Dabek and Russ Cox and Frans Kaashoek and Robert Morris},
	booktitle = {Proceedings of ACM SIGCOMM},
        year	  = 2004
}

@TECHREPORT{Wills:techrep2000,
  AUTHOR = {Craig E. Wills and Hao Shang},
  TITLE = {The Contribution of {DNS} Lookup Costs to {W}eb Object Retrieval},
  INSTITUTION = {Worcester Polytechnic Institute},
  YEAR = {2000},
  NUMBER = {WPI-CS-TR-00-12},
  MONTH = JUL
}

@inproceedings{Laas:security2003,
  title = {{SSL} splitting: securely serving data from untrusted caches},
  author = {Chris Lesniewski-Laas and M. Frans Kaashoek},
  booktitle = {Proc. of {USENIX} Security},
  year = {2003}
}

@inproceedings{Wang:usenix2004,
  author = {Limin Wang and KyoungSoo Park and Ruoming Pang and Vivek S. Pai and Larry Peterson},
  title = {Reliability and Security in the CoDeeN Content Distribution Network},
  booktitle = {Proc. of {USENIX} {ATC}},
  year = {2004}
}

@inproceedings{Amir:dsn2003,
  author = "Y. Amir and C. Danilov",
  title = "Reliable communication in overlay networks",
  booktitle = "Proc. of {DSN}",
  year = "2003"
}

@Article{Spatscheck:ton2000,
   author    = "Oliver Spatscheck and J\o{}rgen S. Hansen and John H. Hartman and Larry L. Peterson",
   title     = "{Optimizing TCP Forwarder Performance}",
   journal   = "{IEEE/ACM Trans. Netw.}",
   volume    = 8,
   number    = 2,
   pages     = {146--157},
   month     = apr,
   year	     = 2000
}

@misc{CobWeb,
        key = "zzz",
        title	 = {{CobWeb}},
	note     = {http://www.cs.cornell.edu/people/egs/beehive/cobweb/}
}

@misc{Coral,
        key = "zzz",
        title    = {{CoralCDN}},
	note     = {http://www.coralcdn.org}
}

@inproceedings{Subramanian:nsdi2004,
   author =       "Lakshminarayanan Subramanian and Ion Stoica and Hari Balakrishnan and Randy Katz",
   title =        "{OverQoS: An Overlay Based Architecture for Enhancing Internet QoS}",
   booktitle =    {{Proc. of USENIX NSDI}},
   year =         {2004}
}

@inproceedings{Anderson:imc03,
 author = {David G. Andersen and Alex C. Snoeren and Hari Balakrishnan},
 title = {Best-path vs. multi-path overlay routing},
 booktitle = {Proc. of {IMC}},
 year = {2003}
}

@inproceedings{Lui:hicss2002,
  author    = {Siu Man Lui and Karl Reiner Lang and Sai Ho Kwok},
  title     = {Participation Incentive Mechanisms in Peer-to-Peer Subscription Systems},
  booktitle = {Proc. of HICSS},
  year      = {2002}
}

@inproceedings{Duan:sruti2005,
  author    = {Zhenhai Duan and Kartik Gopalan and Yingfei Dong},
  title     = {Push vs. Pull: Implications of Protocol Design on Controlling Unwanted Traffic},
  booktitle = {Proc. of USENIX SRUTI},
  year      = {2005}
}

@inproceedings{Kostic:sosp2003,
	author	  = {Dejan Kostic and Adolfo Rodriguez and Jeannie Albrecht and Amin Vahdat},
	title	  = {{Bullet: High Bandwidth Data Dissemination Using an Overlay Mesh}},
	booktitle = {Proc. of ACM SOSP},
	year	  = 2003
}

@inproceedings{Zhang:infocom2005,
	title	  = {{Assisted Peer-to-Peer Search with Partial Indexing}},
	author	  = {Rongmei Zhang and Y. Charlie Hu},
	booktitle = {Proc. of IEEE INFOCOM},
	year	  = 2005,
}

@inproceedings{Sandler:iptps2005,
	title	  = {{FeedTree: Sharing Web Micronews with Peer-to-Peer Event Notification}},
	author	  = {Dan Sandler and Alan Mislove and Ansley Post and Peter Druschel},
	booktitle = {Proc. of IPTPS},
	year	  = 2005
}

@INPROCEEDINGS{Feldmann:infocom1999,
  AUTHOR = {Anja Feldmann and Ramon Caceres and Fred Douglis and Gideon Glass and Michael Rabinovich},
  TITLE = {Performance of {W}eb Proxy Caching in Heterogeneous Bandwidth Environments},
  BOOKTITLE = {Proc. of {INFOCOM}},
  YEAR = {1999}
}

@article{Bolot:jhsn1993,
  author = "J. C. Bolot",
  title = "Characterizing end-to-end packet delay and loss in the internet",
  journal = "Journal of High Speed Networks",
   volume    = 2,
   number    = 3,
   pages     = {289--298},
   month     = Sep,
   year	     = 1993
}

@techreport{Acharya:techrep1996,
    author = "Anurag Acharya and Joel Saltz",
    title = "A Study of Internet Round-Trip Delay",
    month = {Dec},
    institution = {CS-TR-3736, University of Maryland},
    year = "1996"
}


@techreport{Zhang:techrep2000,
    author = "Y. Zhang and V. Paxson and S. Shenker",
    title = "{The Stationarity of Internet Path Properties: Routing, Loss, and Throughput}",
    institution = "ICIR",
    month = "May",
    year = "2000"
}

@inproceedings{Paxson:sigocmm1996,
 author = {Vern Paxson},
 title = {End-to-end routing behavior in the {Internet}},
 booktitle = {Proc. of ACM SIGCOMM},
 year = {1996}
}


@article{Dahlin03,
        author    = {M. Dahlin and B. Chandra and L. Gao and A. Nayate},
        title     = {End-to-end WAN Service Availability},
        journal  = "ACM/IEEE Transactions on Networking",
        year     = "2003",
        month = "April",
        volume = "11",
        number = "2"
}

@inproceedings{Wang:osdi2002,
  author    = {Limin Wang and Vivek S. Pai and Larry L. Peterson},
  title     = {The Effectiveness of Request Redirection on CDN Robustness.},
  booktitle = {Proc. of OSDI},
  year      = {2002}
}

%	author	  = {Dejan Kostic and Ryan Braud and Charles Killian and Erik Vandekieft and James W. Anderson and Alex C. Snoeren and Amin Vahdat,},
@inproceedings{Kostic:usenix2005,
	title	  = {{Maintaining High-Bandwidth Under Dynamic Network Conditions}},
	author	  = {Dejan Kostic and Ryan Braud and Charles Killian and Erik Vandekieft and James W. Anderson and Alex C. Snoeren and Amin Vahdat},
	booktitle = {Proceedings of USENIX},
	year	  = 2005
}

@article{STCP03,
        author    = {Tom Kelly},
        title     = {Scalable TCP: Improving Performance in Highspeed Wide Area Networks},
        journal  = "ACM Computer Communication Review",
        year     = "2003",
        month = "April",
        volume = "32",
        number = "2"
}


@inproceedings{ECN01,
        title     = {Identifying the tcp behavior of web servers},
        author    = {J. Padhye and S. Floyd},
        booktitle = {Proc. of ACM SIGCOMM},
        year      = 2001,
        month     = {August},
}
   	
@article{ECN05,
        author    = {A. Medina and M. Allman and S. Floyd},
        title     = {Measuring the Evolution of Transport Protocols in the Internet},
        journal  = "ACM CCR",
        year     = "2005",
        month = "April",
        volume = "35",
        number = "2"
}

@article{RED93,
        author    = {S. Floyd and V. Jacobson},
        title     = {Random Early Detection gateways for Congestion Avoidance},
        journal  = "ACM/IEEE Transactions on Networking",
        year     = "1993",
        month = "August",
        volume = "1",
        number = "4",
        pages = "397-413"
}

@article{REM01,
        author    = {Sanjeewa Athuraliya and Victor H. Li and Steven H. Low and Qinghe Yin},
        title     = {REM: Active Queue Management},
        journal  = "IEEE Network",
        year     = "2001",
        month = "May",
        volume = "15",
        number = "3",
        pages = "48-53"
}

@inproceedings{AVQ01,
        title     = {Analysis and Design of an Adaptive Virtual Queue Algorithm for Active Queue Management},
        author    = {S. Kunniyur and R. Srikant},
        booktitle = {Proc. of ACM SIGCOMM},
        year      = 2001,
        month     = {August},
}

@misc{ECN01a,
 author = {K.K. Ramakrishnan and S. Floyd and D. Black},
 title = {{The Addition of Explicit Congestion Notification (ECN) to IP}},
 booktitle = {RFC 3168},
 month = {Sep},
 year = {2001}
}



@article{FAHMY04,
        author    = {Minseok Kwon and Sonia Fahmy},
        title     = {On TCP Reaction to Explicit Congestion Notification},
        journal  = "Journal of High Speed Networks",
        year     = "2004",
        volume = "13",
        number = "2",
        pages = "123-138"
}

@INPROCEEDINGS{DDDD,
  AUTHOR = {Firoiu, V. and and Borden, M},
  TITLE = {A Study of Active Queue Management for Congestion Control},
  BOOKTITLE = {Proc. of {INFOCOM}},
  YEAR = {2000},
  month = {March}
}

@inproceedings{Liu:gridnets2004,
        title     = {Application Level Relay for High-bandwidth Data Transport},
        author    = {Yong Liu and Yu Gu and Honggang Zhang and Weibo Gong and Don Towsley},
        booktitle = {Proc. of GridNets},
        year      = 2004
}

@article{Lakshman:performance97,
        author    = {T.~V.~Lakshman and U.~Madhow},
        title     = {The performance of TCP/IP for networks with high bandwidth-delay products and random loss},
        journal  = "ACM/IEEE Transactions on Networking",
        year     = "1997",
        volume = "5",
        number = "3"
}

@article{Shenker:dynamics90,
        author    = {S.~Shenker and L.~Zhang},
        title     = {Some observations on the dynamics of a congestion control algorithm},
        journal  = "ACM Comptuer Communication Review",
        year     = "1990"
}

@article{Qiu:understanding01,
        author    = {L.~Qiu and Y.~Zhang and S.~Keshav},
        title     = {Understanding the performance of many TCP flows},
        journal  = "Computer Networks",
        year     = "2001",
        volume = "37",
        pages = "227-306"
}

@article{Floyd:phase92,
        author    = { S.~Floyd and V.~Jacobson},
        title     = {On Traffic Phase Effects in Packet-Switched Gateways},
        journal  = "Internetworking: Research and Experience",
        year     = "1992",
        volume = "3",
        number = "3",
        pages = "115-156"
}

@inproceedings{Misra:window99,
        author    = {A.~Misra and T.~Ott and J.~Baras},
        title     = {The window distribution of multiple TCPs with random loss queues},
        booktitle = {Proc.~of Globecom},
        year      = 1999
}

@inproceedings(Padhye:modeling98,
  author="J. Padhye and V. Firoiu and D. Towsley and J. Kurose",
  title="Modeling {TCP Throughput: A Simple Model and its Empirical Validation}",
  booktitle="Proc. of ACM SIGCOMM",
  year="1998"
)

@inproceedings{He:predicting05,
   title = {On the Predictability of Large Transfer TCP Throughput}, 
   author = {Qi He and Constantinos Dovrolis and Mostafa Ammar},
   booktitle = {Proc. of ACM SIGCOMM},
   year = 2005
}

@inproceedings{Qiu:infocom2001,
  author    = {Lili Qiu and Venkata N. Padmanabhan and Geoffrey M. Voelker},
  title     = {On the Placement of Web Server Replicas.},
  booktitle = {Proc. of IEEE INFOCOM},
  year      = {2001}
}

@inproceedings{karlsson:wcw2002,
 author = "Magnus Karlsson and Mallik Mahalingam",
 title = "Do We Need Replica Placement Algorithms in Content Delivery Networks",
 booktitle = "Proc. of WCW",
 year = 2002
}

@inproceedings{shi:spects2002,
  author = "S. Shi and J. Turner",
  title = "Placing Servers in Overlay Networks",
  booktitle = "Proc. of SPECTS",
  year = "2002"
}

@inproceedings{Li:infocom1999,
  author    = {Bo Li and Mordecai J. Golin and Giuseppe F. Italiano and Xin Deng and Kazem Sohraby},
  title     = {On the Optimal Placement of Web Proxies in the Internet.},
  booktitle = {Proc. of IEEE INFOCOM},
  year      = {1999}
}

@inproceedings{Radoslavov:wcw2001 ,
  author = "P. Radoslavov and R. Govindan and D. Estrin",
  title = "Topology-Informed Internet Replica Placement",
  booktitle = "Proc. of WCW",
  year = "2001"
}

@inproceedings{Jamin:infocom2001,
    author = "Sugih Jamin and Cheng Jin and Anthony R. Kurc and Danny Raz and Yuval Shavitt",
    title = "Constrained Mirror Placement on the Internet",
    booktitle = "Proc. of {IEEE INFOCOM}",
    year = "2001"
}

@article{Krishnan:ton2000,
    author = "P. Krishnan and Danny Raz and Yuval Shavitt",
    title = "The cache location problem",
    journal = "{IEEE/ACM} Transactions on Networking",
    volume = "8",
    number = "5",
    pages = "568--582",
    year = "2000"
}

@ARTICLE{Math9707:Macroscopic,
AUTHOR="Matt Mathis and Jeffrey Semke and Jamshid Mahdavi and Teunis Ott",
TITLE="The Macroscopic Behavior of the {TCP} Congestion Avoidance Algorithm",
JOURNAL={ACM CCR},
MONTH="July",
YEAR=1997,
VOLUME=27,
NUMBER=3,
PAGES="67--82",
REFERENCES=35
}


@InProceedings{SLOW-START,
  author =       {V. Jacobson},
  title =        {Congestion Avoidance and Control},
  booktitle =    {Proc. of {ACM SIGCOMM}},
  OPTcrossref =  {},
  OPTkey =       {},
  pages =        {314-329},
  year =         {1988},
  OPTeditor =    {},
  volume =    {18},
  number =    {4},
  OPTseries =    {},
  OPTaddress =   {},
  month =        {August},
  OPTorganization = {},
  OPTpublisher = {},
  note =      {ftp://ftp.ee.lbl.gov/papers/congavoid.ps.Z},
  OPTannote =    {}
}

@Article{COMP,
  author = 	 {K. Fall and S. Floyd},
  title = 	 {Simulation-based Comparisons of {Tahoe, Reno,} and {SACK TCP}},
  journal = 	 {{ACM} CCR},
  year = 	 {1996},
  OPTkey =       {},
  pages =        {5-21},
  OPTeditor =    {},
  volume =    {26},
  number =    {3},
  OPTseries =    {},
  OPTaddress =   {},
  month =        {July},
  OPTorganization = {},
  OPTpublisher = {},
  OPTannote =    {}
}


@InProceedings{NEW-RENO,
  author =       {J. Hoe},
  title =        {Improving the Start-up Behavior of a Congestion
            Control Scheme for {TCP}},
  booktitle =    {Proceedings of the {ACM SIGCOMM}},
  OPTcrossref =  {},
  OPTkey =       {},
  pages =        {270-280},
  year =         {1996},
  OPTeditor =    {},
  volume =    {},
  number =    {},
  OPTseries =    {},
  OPTaddress =   {},
  month =        {August},
  OPTorganization = {},
  OPTpublisher = {},
  note =      {http://www.acm.org/sigcomm/ccr/archive/1996/conf/hoe.ps},
  OPTannote =    {}
}

@Misc{RFC2018,
  OPTkey =       {},
  author =       {M. Mathis and J. Mahdavi and S. Floyd and A. Romanow},
  title =        {{TCP} Selective Acknowledgement Options},
  howpublished = {{RFC 2018}},
  month =        {October},
  year =         {1996},
  note =      {http://info.internet.isi.edu:80/in-notes/rfc/files/rfc2018.txt},
  OPTannote =    {}
}

@techreport{Pucha:imctr,
        author    = {H.~Pucha and Y.~C.~Hu},
        title     = {{On the Representativeness of Wide Area Internet Testbed Experiments}},
        year      = 2006,
        month     = {May},
        institution = {TR-ECE, Purdue University},
        note      = {\url{http://shay.ecn.purdue.edu/~dsnl/slot.pdf}},
        text = "H.~Pucha and Y.~C.~Hu On the Representativeness of Wide Area Internet Testbed Experiments. Purdue University Tech Report May 2006 url:http://shay.ecn.purdue.edu/~dsnl/plabconn.pdf",
        url = "shay.ecn.purdue.edu/~dsnl/dmesh.pdf" 
}

@techreport{placementtr,
        author    = {Sabyasachi Roy and Himabindu Pucha and Zheng Zhang and Y. Charlie Hu and Lili Qiu},
        title     = {{On the Placement of Overlay Nodes}},
        year      = 2006,
        month     = {July},
        institution = {TR-ECE, Purdue University}
}
%note      = {\url{http://shay.ecn.purdue.edu/~dsnl/placement.pdf}},

@inproceedings{Pucha:imc2006,
  title     = "{On the Representativeness of Wide Area Internet Testbed Experiments}",
  author    = "{Himabindu Pucha and Y. Charlie Hu and Z. Morley Mao}",
  booktitle = "{Proc. of ACM SIGCOMM/USENIX Internet Measurement Conference (IMC)}",
  year      = "2006"
}

@inproceedings{Park:OSDI2004,
  title     = "{{CoDNS}: Improving {DNS} Performance and Reliability via Cooperative Lookups}",
  author    = "KyoungSoo Park and Vivek S. Pai and Larry Peterson and Zhe Wang",
  booktitle = "Proc. of OSDI",
  year      = "2004"
}

@misc{ripe,
        title      ={RipeNCC},
	author     = {Routing Information Service Raw Data},
	note       = {http://abcoude.ripe.net/ris/rawdata/}
}

@misc{routeviews,
	author     = {University of Oregon Route Views Archive Project},
	note       = {http://www.routeviews.org}
}

@inproceedings{Dovrolis:infocom2001,
  author = "Constantinos Dovrolis and Parameswaran Ramanathan and David Moore",
  title = "{What Do Packet Dispersion Techniques Measure?}",
  booktitle = "Proc. of IEEE Infocom",
  year = "2001"
}

@inproceedings{Strauss:imc2003,
 author = {Jacob Strauss and Dina Katabi and Frans Kaashoek},
 title = {A measurement study of available bandwidth estimation tools},
 booktitle = {Proc. of IMC},
 year = {2003}
}

@inproceedings{RON:sosp2001,
 author = { David G. Andersen and Hari Balakrishnan and M. Frans Kaashoek and Robert Morris},
 title = {Resilient Overlay Networks},
 booktitle = {Proc. of ACM SOSP},
 year = {2001}
}

@inproceedings{GNP:infocom2001,
 author = {T. S. Eugene Ng and Hui Zhang},
 title = {Predicting Internet Network Distance with Coordinates-Based Approaches},
 booktitle = {Proc. of IEEE Infocom},
 year = {2002}
}

@misc{GTITM,
    author = "K. Calvert and E. Zegura",
    title = "Internetwork Topology Models (GT-ITM)",
    note = {http://www.cc.gatech.edu/fac/Ellen.Zegura/gt-itm},
    year = {}
}

@misc{INET,
    author = "C. Jin and Q. Chen and S. Jamin",
    title = "Inet: Internet Topology Generator",
    note = {http://topology.eecs.umich.edu/inet/inet-2.0.pdf},
    year = {}
}

@BOOK{gareyjohnson79,
        AUTHOR    = {M. Garey and D. Johnson},
        TITLE     = {{Computers and Intractability: A Guide to the Theory of NO-Completeness}},
        PUBLISHER = {W. H. Freeman and Company},
        YEAR      = 1979
}

@inproceedings{Park:worlds2004,
  title = "{Deploying Large File Transfer on an HTTP Content Distribution Network}",
  author = "KyoungSoo Park and Vivek Pai",
  booktitle = "Proc. of WORLDS",
  year = "2004"
}

@inproceedings{PCC04,
	title	  = {Program-Counter-Based Pattern Classification in
Buffer Caching},
	author	  = {Chris Gniady and Ali R. Butt and Y. Charlie Hu},
	booktitle = {Proc. of USENIX OSDI},
	year	  = 2004
}

@InProceedings{gniady04:PCAP,
 author = {Chris Gniady and Y. Charlie Hu and and Yung-Hsiang Lu},
 title = {{Program counter based techniques for dynamic power management.}},
 booktitle = {In Proceedings of the 10th International Symposium on High-Performance 
Computer Architecture (HPCA-10)},
 month = {Feb.},
 year = {2004} 
}


@misc{youtube,
        key = "zzz",
	title	  = {YouTube},
	note	  = {http://www.youtube.com},
	year	  = {}
}

@inproceedings{Almeida:nossdav2001,
 author = {Jussara M. Almeida and Jeffrey Krueger and Derek L. Eager and Mary K. Vernon},
 title = {Analysis of educational media server workloads},
 booktitle = {Proc. of NOSSDAV},
 year = {2001}
 }

@inproceedings{Cherkasova:nossdav2002,
 author = {Ludmila Cherkasova and Minaxi Gupta},
 title = {Characterizing locality, evolution, and life span of accesses in enterprise media server workloads},
 booktitle = {Proc. of NOSSDAV},
 year = {2002}
 }

@inproceedings{Chesire:usits2001,
    author = "Maureen Chesire and Alec Wolman and Geoffrey M. Voelker and Henry M. Levy",
    title = "Measurement and Analysis of a Streaming Media Workload",
    booktitle = {Proc. of USITS},
    year = {2001}
}

@inproceedings{Guo:www2005,
 author = {Lei Guo and Songqing Chen and Zhen Xiao and Xiaodong Zhang},
 title = {Analysis of multimedia workloads with implications for internet streaming},
 booktitle = {Proc. of WWW},
 year = {2005}
}

@article{Li:toit2005,
 author = {Mingzhe Li and Mark Claypool and Robert Kinicki and James Nichols},
 title = {Characteristics of streaming media stored on the Web},
 journal = {ACM Trans. on Internet Technology},
 volume = {5},
 number = {4},
 year = {2005}
 }

@inproceedings{Sripanidkulchai:imc2004,
 author = {Kunwadee Sripanidkulchai and Bruce Maggs and Hui Zhang},
 title = {An analysis of live streaming workloads on the internet},
 booktitle = {Proc. of IMC},
 year = {2004}
 }

@article{Veloso:ton2006,
 author = {Eveline Veloso and Virglio Almeida and Wagner Meira, Jr. and Azer Bestavros and Shudong Jin},
 title = {A hierarchical characterization of a live streaming media workload},
 journal = {IEEE/ACM Trans. Netw.},
 volume = {14},
 number = {1},
 year = {2006}
 }

@article{Yu:eurosys2006,
 author = {Hongliang Yu and Dongdong Zheng and Ben Y. Zhao and Weimin Zheng},
 title = {Understanding User Behavior in Large Scale Video-on-Demand Systems},
 booktitle = {Proc. of Eurosys},
 year = {2006}
}

@inproceedings{Tolia:nsdi2006,
  author = "Niraj Tolia and Michael Kaminsky and David G. Andersen and Swapnil Patil",
  title = "An Architecture for {I}nternet Data Transfer",
  booktitle = {Proc. of NSDI},
  year = {2006}
}

@inproceedings{Rhea:www2003,
  author = "Sean C. Rhea and Kevin Liang and Eric Brewer",
  title = "Value-Based Web Caching",
  booktitle = {Proc. of WWW},
  year = {2003}
}

@techreport{Tridgell:rsync1996,
  author =       "Tridgell, A. and Mackerras, P.",
  title =        "{The rsync algorithm}",
  number =       "TR-CS-96-05",
  institution =  "Department of Computer Science, The Australian
                  National University",
  address =      "Canberra, Australia",
  year =         "1996"
}

@misc{myspace,
        key = "zzz",
	title	  = {MySpace},
	note	  = {http://www.mysapce.com},
	year	  = {}
}

@misc{googlevideos,
        key = "zzz",
	title	  = {Google Videos},
	note	  = {http://video.google.com},
	year	  = {}
}
@misc{metacafe,
        key = "zzz",
	title	  = {Metacafe},
	note	  = {http://www.metacafe.com},
	year	  = {}
}

@inproceedings{Acharya:spie1998,
  author = "S. Acharya and B. Smith",
  title = "An experiment to characterize videos stored on the web",
  booktitle ="Proc. of ACM/SPIE Multimedia Computing and Networking",
  year = "1998"
}

@inproceedings{Almeida:dis1996,
 author = {Virglio Almeida and Azer Bestavros and Mark Crovella and Adriana de Oliveira},
 title = {Characterizing reference locality in the WWW},
 booktitle = {Proc. of the conference on on Parallel and distributed information systems},
 year = {1996}
}

@inproceedings{Saroiu:nsdi2004,
  author =       {Stefan Saroiu and Steven D. Gribble and and Henry M. Levy},
  title =        {Measurement and Analysis of Spyware in a University Environment},
  booktitle = {Proc. of NSDI},
  year = {2004}
}

@inproceedings{Saroiu:osdi2002,
  author =       {Stefan Saroiu and Krishna P. Gummadi and Richard J. Dunn and Steven D. Gribble and Henry M. Levy.},
  title =        {An Analysis of Internet Content Delivery Systems},
  booktitle = {Proc. of OSDI},
  year = {2002}
}

@inproceedings{Saroiu:mmcn2002,
  author =       {Stefan Saroiu and Krishna P. Gummadi and Steven D. Gribble},
  title =        {A Measurement Study of Peer-to-Peer File Sharing Systems},
  booktitle = {Proc. of MMCN},
  year = {2002}
}


@inproceedings{Breslau:infocom1999,
    author = "Lee Breslau and Pei Cao and Li Fan and Graham Phillips and Scott Shenker",
    title = "Web Caching and Zipf-like Distributions: Evidence and Implications",
    booktitle = {Proc. of {INFOCOM}},
    year = "1999"
}


@inproceedings{Mogul2004,
  author =       {Jeffrey C. Mogul and Yee Man Chan and Terence Kelly},
  title =        "Design, Implementation, and Evaluation of Duplicate
                  Transfer Detection in {HTTP}",
  booktitle = {Proc. of NSDI},
  year = {2004}
}

@inproceedings{Azzouna2003,
  title = "Analysis of {ADSL} traffic on an IP backbone link",
  author = "Nadia Ben Azzouna and Frbrice Guillemin",
  booktitle = "Proc. of Globecomm",
  year = {2003}
}

@inproceedings{Chun:iptps2006,
        author = "Byung-Gon Chun and Peter Wu and Hakim Weatherspoon and John Kubiatowicz",
        title = "{ChunkCast}: An Anycast Service for Large Content Distribution",
        booktitle = "Proc. of IPTPS",
        year = {2006}
}

@inproceedings{Dabek:sosp01,
  title = {Wide-area cooperative storage with {CFS}},
  author = {Frank Dabek and M. Frans Kaashoek and David Karger and Robert Morris and Ion Stoica},
  booktitle = "Proc. of SOSP",
  year = {2001}
}

@inproceedings{Annapureddy:nsdi2005,
  title = "Shark: Scaling File Servers via Cooperative Caching",
  author = "Siddhartha Annapureddy and Michael J. Freedman and David Mazi{\`e}res",
   booktitle = {Proc. of NSDI},
  year = {2005}
}

@inproceedings{Fei:infocom2006,
 author = {Teng Fei and Shu Tao and Lixin Gao and Roch Guerin},
 title = {How to select a good alternate path in large peer-to-peer systems?},
 booktitle = {Proc. of Infocom},
 year = {2006}
}

@inproceedings{Mahajan:sosp2003,
 author = {Ratul Mahajan and Neil Spring and David Wetherall and Thomas Anderson},
 title = {User-level internet path diagnosis},
 booktitle = {Proc. of SOSP},
 year = {2003}
}

@inproceedings{Roy:icdcs2007,
 author = {Sabyasachi Roy and Himabindu Pucha and Zheng Zhang and Y. Charlie Hu and Lili Qiu},
 title = {{Overlay Node Placement: Analysis, Algorithms and Impact on Applications}},
 booktitle = {{Proc. of IEEE International Conference on Distributed Computing Systems}},
 year = {2007}
}

@inproceedings{Pucha:sigcomm2005,
 author = {Himabindu Pucha and Y. Charlie Hu},
 title = {Ending End-to-End Transport for High Throughput},
 booktitle = {Poster, SIGCOMM},
 year = {2005}
}

@misc{MAP,
       key = "zzz",
	author     = {},
	title     = {\url{http://www.engineering.purdue.edu/MESH}},
}

@Misc{iperf,
  key = "zzzzzzz1",
  title = "iperf.",
  note =          {http://dast.nlanr.net/Projects/Iperf}
}

@inproceedings{Pucha:sigmetrics2007,
  title     = "{Understanding Network Delay Changes Caused by Routing Events}",
  author    = "{Himabindu Pucha and Ying Zhang and Z. Morley Mao and Y. Charlie Hu}",
  booktitle = "{Proc. of ACM International Conference on Measurement and Modeling of Computer Systems (SIGMETRICS)}",
  year      = "2007"
}

@inproceedings{Pucha:nsdi2007,
   author = {{Himabindu Pucha and David G. Andersen and Michael Kaminsky}},
   title = {{Exploiting Similarity for Multi-Source Downloads using File Handprints}},
   booktitle = {{Proc. of USENIX Syposium on Networked Systems Design and Implementation (NSDI)}},
   year = {2007}
}

@inproceedings{Butt:sigm2005,
   author = {Ali But tand Chris Gniady and Y. Charlie Hu},
   title = {The Performance Impact of Kernel Prefetching on Buffer Cache Replacement Algorithms},
   booktitle = {{Proc. of ACM Sigmetrics}},
   year = {2005}
}

@inproceedings{Pathak:sigm2009,
   author = {Abhinav Pathak and Feng Qian and Y. Charlie Hu and
Z. Morley Mao and Supranamaya Ranjan},
   title = {Botnet spam campaigns can be long lasting: evidence, implications, and analysis},
   booktitle = {{Proc. of ACM Sigmetrics}},
   year = {2009}
}



@inproceedings{Zhang:conext2007,
   author = {Zheng Zhang and Ying Zhang and Y. Charlie Hu and
Z. Morley Mao},
   title = {{Practical Defenses Against BGP Prefix Hijacking}},
   booktitle = {{Proc. of ACM CoNEXT}},
   year = {2007}
}

@inproceedings{Zhang:sigcomm2008,
   author = {Zheng Zhang and Ying Zhang and Y. Charlie Hu and
Z. Morley Mao and Randy Bush},
   title = {{iSPY: Detecting IP Prefix Hijacking on My Own}},
   booktitle = {{Proc. of ACM SIGCOMM}},
   year = {2008}
}

@inproceedings{Zhang:dsn2009,
   author = {Ying Zhang and Zheng Zhang and Z. Morley Mao and Y. Charlie H},
   title = {{HC-BGP: A Light-weight and Flexible Scheme for Securing Prefix Ownership}},
   booktitle = {{Proc. of IEEE/IFIP DSN-DCCS}},
   year = {2009}
}


@inproceedings{Zhang:imc2007,
   author = {Ying Zhang and Zheng Zhang and Z. Morley Mao and Y. Charlie Hu and and Bruce Maggs},
   title = {{On the Impact of Route Monitor Selection}},
   booktitle = {{Proc. of ACM IMC}},
   year = {2007}
}

@inproceedings{Pucha:sigm2007,
   author = {Himabindu Pucha and Ying Zhang and Z. Morley Mao and Y. Charlie Hu},
   title = {Understanding Network Delay Changes Caused by  Routing Events},
   booktitle = {{Proc. of ACM Sigmetrics}},
   year = {2007}
}

@inproceedings{Pucha:imc2006,
   author = {Himabindu Pucha and  Y. Charlie Hu and Z. Morley Mao},
   title = {On the Impact of Research Network Based Testbeds on Wide-area Experiments},
   booktitle = {{Proc. of ACM IMC}},
   year = {2006}
}


@inproceedings{pathakleet08,
  author =       {Abhinav Pathak and Y. Charlie Hu and Z. Morley Mao},
  title =        {Peeking into spammer behavior from a unique vantage point},
  booktitle =    {LEET: First workshop on Large-scale exploits and emerget threats},
  year =         {2008}
}

@inproceedings{kanich:ccs08,
  author =       {Chris Kanich and Christian Kreibich and Kirill Levchenko and Brandon Enright and Vern Paxson and Geoffrey M. Voelker and Stefan Savage},
  title =        {Spamalytics: an Empirical Analysis of Spam Marketing Conversion},
  booktitle =    {Proc. of the ACM Conference on Computer and Communications Security (CCS)},
  year =         {2008}
}

