@misc{alexa,
    title = "Alexa.com",
    note  = "\url{http://www.alexa.com/}",
}

@misc{comscore,
    title = "comScore.com",
    note  = "\url{http://www.comscore.com/}",
}

@misc{traffic:ibm,
    title = "Measuring Web traffic",
    note  = "\url{http://www.ibm.com/developerworks/web/library/wa-mwt1/}",
}

@misc{apache:maxclients,
    title = "Apache HTTP Server's MaxClients",
    note  = "\url{http://httpd.apache.org/docs/2.0/mod/mpm_common.html#maxclients}",
}

@Article{Ranjan08,
  title =   "High-Performance Resource Allocation and Request
         Redirection Algorithms for Web Clusters",
  author =  "Supranamaya Ranjan and Edward W. Knightly",
  journal = "IEEE Trans. Parallel Distrib. Syst",
  year =    "2008",
  number =  "9",
  volume =  "19",
  bibdate = "2009-03-26",
  bibsource =   "DBLP,
         http://dblp.uni-trier.de/db/journals/tpds/tpds19.html#RanjanK08",
  pages =   "1186--1200",
  URL =     "http://dx.doi.org/10.1109/TPDS.2007.70810",
}

@Article{Urgaonkar07,
  title =   "Analytic modeling of multitier Internet applications",
  author =  "Bhuvan Urgaonkar and Giovanni Pacifici and Prashant J.
         Shenoy and Mike Spreitzer and Asser N. Tantawi",
  journal = "TWEB",
  year =    "2007",
  number =  "1",
  volume =  "1",
  bibdate = "2007-11-06",
  bibsource =   "DBLP,
         http://dblp.uni-trier.de/db/journals/tweb/tweb1.html#UrgaonkarPSST07",
  URL =     "http://doi.acm.org/10.1145/1232722.1232724",
}

@InProceedings{Urgaonkar05,
  title =   "An analytical model for multi-tier internet services
         and its applications",
  author =  "Bhuvan Urgaonkar and Giovanni Pacifici and Prashant J.
         Shenoy and Mike Spreitzer and Asser N. Tantawi",
  bibdate = "2006-02-15",
  bibsource =   "DBLP,
         http://dblp.uni-trier.de/db/conf/sigmetrics/sigmetrics2005.html#UrgaonkarPSST05",
  booktitle =   "SIGMETRICS",
  booktitle =   "Proceedings of the International Conference on
         Measurements and Modeling of Computer Systems,
         {SIGMETRICS} 2005, June 6-10, 2005, Banff, Alberta,
         Canada",
  publisher =   "ACM",
  year =    "2005",
  editor =  "Derek L. Eager and Carey L. Williamson and Sem C.
         Borst and John C. S. Lui",
  ISBN =    "1-59593-022-1",
  pages =   "291--302",
  URL =     "http://doi.acm.org/10.1145/1064212.1064252",
}


@Article{Banga99,
  title =   "Measuring the Capacity of a Web Server Under Realistic
         Loads",
  author =  "Gaurav Banga and Peter Druschel",
  journal = "World Wide Web",
  year =    "1999",
  number =  "1-2",
  volume =  "2",
  bibdate = "2002-01-03",
  bibsource =   "DBLP,
         http://dblp.uni-trier.de/db/journals/www/www2.html#BangaD99",
  pages =   "69--83",
}

@Article{Mosberger98,
  title =   "httperf - a tool for measuring web server
         performance",
  author =  "David Mosberger and Tai Jin",
  journal = "SIGMETRICS Performance Evaluation Review",
  year =    "1998",
  number =  "3",
  volume =  "26",
  bibdate = "2006-02-09",
  bibsource =   "DBLP,
         http://dblp.uni-trier.de/db/journals/sigmetrics/sigmetrics26.html#MosbergerJ98",
  pages =   "31--37",
  URL =     "http://doi.acm.org/10.1145/306225.306235",
}

@inproceedings{Baryshnikov05,
 author = {Baryshnikov, Yuliy and Coffman, Ed and Pierre, Guillaume and Rubenstein, Dan and Squillante, Mark and Yimwadsana, Teddy},
 title = {Predictability of Web-Server Traffic Congestion},
 booktitle = {WCW '05: Proceedings of the 10th International Workshop on Web Content Caching and Distribution},
 year = {2005},
 isbn = {0-7695-2455-9},
 pages = {97--103},
 doi = {http://dx.doi.org/10.1109/WCW.2005.17},
 publisher = {IEEE Computer Society},
 address = {Washington, DC, USA},
 }

